2134 3668
159 801 319 874 sexu.
338 747 542 909 'Auum
568 801 783 918 morou

433 968 512 1028 DE

134 1123 814 1278 vlulsluuusuulssus
942 1193 1017 1236 „

246 1308 695 1397 uumsuoum
819 1421 854 1444 Ι,

297 1542 548 1607 'CAPUT
588 1545 613 1606 Ι.

123 1657 319 1770 Ῥιιοωε
342 1729 389 1767 rex
406 1707 581 1786 Albanorum
600 1708 746 1772 Amulium
762 1758 771 1784 ‚
787 1722 814 1774 δε

135 1789 320 1851 Numitorem
339 1785 412 1848 filios
432 1785 675 1869 habuit,'quibus
696 1813 813 1876 regnum

125 1867 235 1930 'annuis
260 1869 368 1930 vicibus
392 1865 554 1929 habendum
578 1872 710 1952 reliquit,
734 1883 761 1934 ὃ(
784 1895 815 1935 ut

135 1951 246 2012 alternis
261 1952 437 2030 imperarent.
450 1950 505 2030 Sed
522 1952 651 2012 Amulius
666 1953 746 2014 fratri
757 1958 813 2016 im-

128 2029 243 2114 ¹perium
260 2053 318 2090 non
339 2029 436 2102 dedit,
454 2042 502 2103 &‚
520 2052 551 2091 ut
568 2055 632 2094 eum
649 2033 746 2094 sobole
760 2039 815 2114 pri·

123 2113 213 2172 'varet
230 2159 240 2184 ,
258 2109 367 2172 Rheum
386 2113 502 2172 Silvium
521 2112 608 2173 filiam
626 2119 704 2192 ejus,
721 2114 814 2176 Vestae

135 2189 310 2252 sacerdotem
328 2191 472 2272 praefecit,
491 2213 521 2252 ut
540 2197 701 2275 virginitate
717 2215 814 2274 perpe-

136 2272 184 2332 tui
208 2293 347 2332 teneretur
366 2296 372 2330 :
395 2295 456 2354 quae
477 2271 494 2331 ὲ
516 2275 611 2332 Murte
637 2272 813 2354 compress'a,

135 2353 292 2414 Romulum
303 2354 461 2414 &Remum
473 2353 568 2414 edidit.
585 2356 713 2415 Amulius
723 2354 813 2435 ipsam

135 2435 166 2494 in
184 2435 296 2494 vincula
311 2439 475 2518 compegit,
493 2435 621 2515 purvulos
638 2439 667 2496 in
685 2436 813 2497 Tiberim

124 2513 264 2594 objecit,
286 2537 357 2597 quos
379 2537 451 2598 aqua
471 2520 500 2578 in
523 2519 598 2576 sicco
624 2519 744 2598 reliquit.
765 2517 814 2578 Ad

23 2635 26 2640 -
135 2599 262 2678 vagitum
278 2597 342 2674 lupa
353 2601 490 2667 accurrit,
502 2595 604 2678 eosque
615 2598 743 2658 uberibus
758 2597 814 2659 suis

134 2675 212 2735 aluit.
232 2676 303 2736 Mox
315 2673 456 2736 Faustulus
479 2676 570 2758 pastor
586 2679 718 2738 collestos
731 2680 815 2740 Accae

134 2755 270 2816 Larentiae
282 2759 396 2839 conjugi
407 2757 566 2818 educandos
580 2757 664 2819 dedit.
673 2757 813 2840 Quipost-

81 2929 84 2933 ι
134 2834 189 2908 ei,
207 2838 323 2898 Amulio
340 2837 510 2910 interfecto,
526 2839 672 2900 Numitori
688 2861 742 2900 avo
763 2859 810 2898 te·
