2110 3666
275 335 675 408 Brrvrarrvn.
757 357 819 427 353

155 497 158 504 .
181 451 245 513 III.
268 452 328 515 Sub
341 448 385 516 his
397 457 486 596 ppitur
499 457 587 516 tribus
600 453 759 537 imperandi
773 475 825 539 ge·

140 537 277 606 neribus,
301 533 356 597 hoc
381 559 396 596 e
433 583 443 609 ,
469 541 573 622 regio,
602 533 768 606 consulati,
796 545 824 597 &

140 619 346 698 imperatorio,
370 639 508 700 quantum
530 619 626 678 Roma
648 615 822 698 profecerit,

140 698 262 758 breviter
287 701 437 760 intimabo.
463 701 522 761 Sub
544 699 671 782 Regibus
694 697 823 780 septem,

141 801 189 860 per
203 801 292 840 annos
307 780 442 842 ducentos
461 781 648 864 quadraginta
665 799 743 852 tres,
764 801 824 840 non

142 862 288 940 amplius,
312 861 399 944 quim
425 860 513 944 usque
537 861 573 922 ad
595 861 712 922 Portum
740 881 824 943 atque

142 941 255 1003 Ostiam
268 989 280 1012 ‚
301 946 375 1004 intra
397 947 530 1004 odavum
549 943 692 1004 decimum
713 941 822 1004 millia-

141 1026 215 1084 rium
236 1023 252 1084 ὲ
272 1027 358 1106 portis
377 1023 453 1086 urbis
469 1025 592 1093 Roma,
614 1043 711 1106 utpote
730 1020 823 1084 adhuc

142 1126 233 1188 parvae
256 1115 284 1166 δι
304 1104 321 1166 ὲ
338 1104 491 1186 pastoribus
516 1105 637 1170 conditae
660 1151 670 1176 ,
700 1102 764 1164 crim
789 1101 824 1164 fi-

142 1189 249 1246 nitimae
276 1190 381 1247 circum
407 1187 533 1249 civitates
560 1205 740 1267 premerent,
762 1185 825 1244 Ro-

143 1289 262 1329 manum
277 1270 409 1348 processit
429 1269 588 1348 imperium.
604 1267 664 1328 Sub
686 1263 825 1328 Consuli-

143 1349 217 1420 bus,
236 1352 307 1409 inter
320 1371 391 1430 quos
404 1371 610 1430 nonnunquam
623 1358 650 1410 &
664 1349 824 1409 Distatores

142 1428 279 1500 fuerunt,
322 1451 350 1490 er
375 1452 465 1492 annos
491 1429 576 1490 simul
600 1429 720 1512 quadrin
743 1447 849 1496 entus,

143 1509 288 1595 sexaginta
299 1451 405 1592 septem
416 1558 425 1583 ‚
440 1511 521 1572 Italia
532 1509 569 1571 us
586 1532 620 1570 ue
631 1530 705 1570 trans
714 1450 824 1570 sadum

142 1613 279 1675 occupata
297 1590 336 1652 est
353 1615 363 1663 3
381 1591 479 1652 Africa
499 1590 569 1652 suba
597 1615 613 1651 a
631 1589 671 1649 est
689 1613 699 1663 3
717 1589 825 1672 Hispa·

143 1675 196 1734 nia:
214 1670 402 1744 accefferunt3
429 1673 530 1734 Gallia
549 1682 577 1734 &
596 1672 747 1732 Britanniae
773 1673 824 1731 tri·

143 1755 260 1816 butariae
280 1753 360 1816 saetae
383 1753 458 1814 suut.
479 1752 549 1814 lnde
571 1753 678 1834 Illyrici
690 1798 700 1824 ,
714 1750 825 1825 Histri,

144 1833 432 1906 Liburni,Dahuatae
442 1881 451 1907 ,
462 1833 564 1894 domiti
577 1831 640 1894 sunt
656 1857 662 1892 :
678 1831 822 1894 adAcha-

143 1921 204 1977 'iarn
231 1920 377 1978 transitum
406 1914 445 1976 est
464 1939 471 1973 t
491 1915 667 1978 Macedones
694 1912 822 1975 subaffit

143 2020 208 2060 curn
226 1998 391 2070 Dardanis,
413 1997 513 2058 Moesis
532 2006 559 2060 δι
582 1996 741 2058 Thracibus
761 1995 824 2056 bel-

135 2081 233 2160 ,latum
252 2078 290 2140 est
305 2104 311 2138 ι
328 2081 414 2139 eriam
428 2079 464 2139 ad
477 2079 643 2140 Danubium
659 2076 745 2159 usque
759 2098 823 2157 per·
907 2102 909 2115 =

144 2181 268 2222 ventum.
291 2161 325 2221 In
338 2158 430 2232 Asici,
451 2157 565 2240 expulso
579 2156 744 2228 Antiocho,
759 2160 822 2237 pri-v

143 2263 224 2302 mum
241 2241 341 2323 pedem
360 2239 475 2322 posubre
492 2241 618 2301 Romani
633 2236 823 2300 :Mithridate

143 2325 243 2395 visto,
266 2325 351 2384 Ponti
369 2343 489 2405 regnum
508 2341 676 2403 occupatum
691 2345 700 2391 3
725 2329 751 2382 δι
765 2321 823 2380 Ar-

143 2409 239 2466 menia
260 2409 374 2474 minor,
396 2426 483 2485 quarn
502 2403 578 2464 idem
598 2420 743 2472 tenuerat,
769 2423 820 2461 at-

144 2489 198 2546 mis
212 2487 328 2546 obtenta
340 2484 379 2546 est
394 2510 400 2544 :
415 2488 445 2546 in
457 2483 701 2565 Mesopotamiam
712 2483 823 2542 Rorna-

143 2590 196 2627 nus
215 2571 339 2648 pervenit
355 2569 487 2626 exercitus
502 2589 511 2624 t
526 2589 590 2626 cum
606 2563 714 2626 Parthis
731 2563 823 2625 foedus

143 2650 246 2708 initum
268 2648 307 2709 est
325 2673 331 2706 r
352 2669 449 2708 contra
468 2648 635 2708 Corduenos
655 2670 686 2706 ac
703 2647 821 2706 Sarace-

143 2753 197 2790 uos
215 2731 361 2792 &Arabas
378 2731 514 2790 bellatum
534 2728 593 2800 est,
615 2727 710 2790 Judaea
729 2729 823 2786 omnis

143 2813 219 2872 vidia
239 2811 302 2872 est:
327 2812 432 2873 Cilicia
453 2820 480 2871 &
500 2811 582 2892 Syria
602 2813 633 2870 in
658 2805 822 2888 potestatem

121 2892 123 2896 ’
145 2895 242 2975 populi
271 2894 397 2955 Romani
420 2913 564 2954 venerunt.
596 2889 719 2974 AEgypti
745 2909 823 2972 reges
