2060 3662
326 281 515 384 amn
564 291 629 383 rr.
768 337 807 383 21

115 428 285 491 commissi
306 431 435 494 adversus
454 433 572 494 Gallum
595 429 713 516 pugni,
735 431 814 494 idem

131 532 231 578 corvus
251 513 302 572 aiis
318 523 347 574 &
368 515 507 596 unguibus
528 514 608 576 Gaui
629 513 726 574 oculos
745 535 812 579 ver-

132 592 264 664 beravit,
286 614 322 654 ne
341 598 448 654 rectum
471 591 558 674 poffet
577 591 708 674 aspicere.
733 593 776 654 Ita
797 592 814 654 ir

115 670 264 746 'Tribuno
285 675 404 734 Valerio
429 675 612 746 interfeekus‚
641 697 699 738 non
722 673 816 743 soltitn

132 755 282 814 vitrorum
296 757 342 826 ei,
356 753 404 815 sed
418 757 502 817 etiarn
517 777 622 816 nornen
637 755 722 816 dedit.
735 756 814 816 Nam

112 903 115 910 Ι
134 831 230 916 postea
248 835 350 908 idern,
371 837 482 898 Corvus
500 834 539 895 est
557 837 647 897 dictus
667 860 673 894 :
693 858 731 896 ac*
747 857 814 916 pro-

136 934 196 996 pter
216 913 270 974 hoc
290 919 445 988 meritum.
467 938 605 978 annorum
624 919 708 981 trium
726 927 753 978 &
773 919 816 978 vi·

134 997 234 1078 ginti,
257 997 367 1058 Consul
386 998 425 1057 est
444 997 542 1060 faciut.

179 1077 247 1138 VII.
269 1079 364 1138 Latini
375 1125 386 1148 ,
399 1080 448 1160 qui
459 1081 606 1140 noluerant
617 1078 719 1149 milites
731 1078 815 1151 dare,

138 1153 194 1234 hoc
212 1180 324 1243 quoque
344 1157 361 1218 a
377 1161 514 1220 Romanis
529 1162 638 1243 erigere
655 1179 815 1240 coepcrunt,

138 1256 170 1298 ut
182 1260 252 1298 unus
266 1238 401 1311 Consul,
420 1261 454 1300 cx
467 1261 564 1300 eorum
577 1287 587 1310 ,
602 1240 694 1312 alter,
715 1263 749 1302 ex
759 1241 818 1300 Ro·

138 1339 289 1396 manorum
318 1323 423 1402 populo
456 1340 600 1382 crearetur.
632 1321 720 1398 Quod
752 1321 817 1382 ctIm

138 1396 205 1460 effer
221 1421 378 1486 negatum,
401 1402 507 1464 bellum
527 1421 624 1462 contra
643 1423 690 1462 eoa
711 1401 820 1484 suscep·

138 1500 201 1544 tum
218 1481 279 1554 est,
301 1485 455 1566 &ingenti
478 1480 573 1566 pugni
593 1481 712 1562 superati
732 1482 817 1544 sunt:

139 1562 224 1624 aede
243 1562 286 1624 his
318 1563 463 1624 etdomitis
481 1561 683 1643 triumphatum
698 1563 744 1624 est.
759 1565 821 1626 Sta-

140 1662 194 1710 tuae
219 1585 391 1706 Conimbus
418 1645 457 1703 ob
483 1648 613 1704 meritum
639 1647 762 1713 vistoriae
789 1648 820 1707 in

139 1722 248 1792 Rostris
263 1727 357 1806 posiae
372 1723 443 1784 sunt.
465 1726 534 1796 (Eo
553 1746 630 1784 anno
646 1728 732 1786 etiam
750 1727 818 1790 Ale·

138 1804 257 1948 ἔῆιιᾶιία
282 1808 318 1868 ab
336 1805 497 1877 Alexandro
517 1805 679 1872 Macedone
706 1807 820 1870 condita

182 1967 282 2028 VIII.
305 1969 369 2040 Iam
390 1967 517 2028 Romani
537 1989 664 2050 potentes
683 1965 736 2028 effe
757 1991 819 2029 cce-

141 2068 249 2130 per-unt.
272 2049 380 2110 Bellum
400 2051 477 2110 enim
501 2052 532 2109 in
550 2053 703 2118 centesimo
724 2059 751 2116 &
771 2053 822 2110 tri.-

141 2132 249 2190 cesImo
267 2129 325 2190 fere
345 2131 479 2192 milliario
496 2131 533 2190 ab
551 2131 633 2192 Urbe
649 2131 723 2210 apud
742 2131 823 2191 Sarn-

37 2232 40 2238 ·
134 2213 217 2278 'nitas
235 2213 405 2295 gerebatur,
421 2215 477 2304 ‘qui
495 2211 582 2270 medii
599 2209 662 2272 sunt
679 2213 749 2272 inter
768 2213 821 2272 Pi-

144 2311 268 2364 cenum,
285 2292 361 2354 Cam
382 2312 499 2364 antam,
515 2301 542 2352 &
556 2292 699 2372 Apuliam.
718 2294 822 2354 Lucios

59 2427 62 2436 .
144 2372 270 2453 Papirius
287 2313 393 2436 Cursiir
408 2394 473 2440 cum
490 2369 597 2434 honore
613 2373 767 2435 Dictatoris
785 2375 822 2436 ad

143 2453 175 2512 id
193 2455 297 2520 bellum
313 2455 452 2534 profeeius
468 2452 514 2513 est.
536 2455 596 2531 Qui
615 2452 679 2518 etim
697 2455 823 2518 Romam

144 2532 277 2608 rediss'et.³
309 2536 347 2613 Q.
376 2535 467 2596 Fabio
498 2535 655 2607 Maximo,
682 2535 822 2620 Magistro

144 2616 283 2696 Equitum
297 2661 307 2687 ‚
321 2637 405 2698 quern
427 2615 501 2696 apud
517 2617 667 2676 exercitum
685 2619 821 2698 reliquit,

145 2699 298 2778 pracepit,
322 2718 357 2756 ne
381 2695 409 2755 se
436 2695 549 2756 absente
577 2717 721 2779 pugnaret.
748 2699 822 2770 Ille,

146 2781 296 2838 occasione
317 2775 444 2859 seperta,
467 2777 627 2838 felicissime
650 2779 823 2851 dimicavit,

147 2860 333 2929 &Samnitas
350 2859 461 2931 delevit.
480 2859 531 2922 Ob
547 2881 634 2945 quam
653 2879 712 2925 retu
732 2857 749 2922 it
767 2861 824 2924 Di·
