2142 3664
255 331 322 382 na
352 315 689 384 CAEsAutuus.
742 335 807 400 233

132 433 260 516 juribus,
281 433 414 495 industrii
430 431 566 513 rebusque
585 435 660 512 pacis
682 453 715 490 ac
736 431 814 491 rnili-

135 518 179 575 tiae
200 517 284 599 longe
312 517 415 576 nobilis
438 513 600 574 habebatur.
621 513 713 592 Hujus
733 513 813 596 lega·

134 616 225 656 torum
238 601 267 656 in
281 598 394 659 Italiam
408 593 571 678 transgressu
581 641 592 664 ,
604 593 676 654 susis
694 615 726 653 ue
740 593 814 674 apud

134 674 310 738 Cremonam
338 675 420 747 suis,
448 678 580 736 Vitellius
609 676 644 734 ab
672 617 781 736 iabino
799 721 811 744 ,

131 759 207 822 Urbi
226 757 378 839 praefesio,
395 757 563 837 Vespasiani
584 756 689 825 fratre,
713 755 812 816 sester-

132 837 204 900 tium
230 840 332 898 millies
354 841 518 921 pepigerat,
546 838 654 896 arbitris
677 835 814 898 militibus

133 919 260 1000 Imperio
276 919 417 980 decedere.
435 918 490 980 Sed
506 915 653 999 postquam
673 940 740 978 mox
755 921 813 978 cir-

133 1019 317 1060 cumventum
338 999 366 1060 se
385 1003 488 1060 nuncio
506 1020 581 1060 ratus
599 997 657 1068 est,
673 1002 753 1079 quasi
770 1021 814 1058 re-

133 1103 242 1142 novato
268 1081 361 1142 furore
386 1079 478 1161 ipsum
504 1079 671 1160 caeterosque
696 1079 815 1144 adversae

131 1165 221 1243 partis
244 1207 254 1235 ,
275 1186 339 1224 cum
367 1163 539 1242 Capitolio,
564 1161 643 1242 quod
664 1159 746 1221 saluti
766 1183 815 1220 re-

133 1243 261 1304 medium
282 1263 431 1325 ceperant,
454 1247 596 1302 cremavit.
615 1239 666 1302 Ast
682 1243 730 1301 ubi
751 1264 816 1308 veta

135 1322 188 1384 csse
202 1371 211 1398 ,
227 1347 260 1384 ac
272 1330 458 1407 propinquare
471 1323 561 1384 hostes
571 1322 741 1404 patefasium
755 1323 814 1396 est,

133 1405 282 1488 produsius
305 1408 320 1465 ὲ
341 1409 484 1488 tugurio,
505 1429 563 1487 quo
588 1403 620 1488 se
642 1401 813 1476 abdiderat,

132 1489 292 1567 janitoris,
324 1487 427 1566 injesio
456 1489 558 1568 laqueo
578 1532 590 1556 ,
614 1483 815 1568 parricidarum

133 1591 213 1628 more
228 1615 240 1639 ,
266 1569 302 1629 ad
327 1567 414 1628 scalas
439 1569 618 1636 Gemonias,
642 1589 746 1648 perque
769 1590 815 1628 eas

133 1647 283 1730 pertraiius
301 1673 311 1721 3
331 1650 416 1710 simul
433 1648 552 1718 isiibus,
572 1667 709 1729 quantum
732 1645 813 1728 quis-

135 1752 190 1810 que
208 1730 358 1800 valuerat,
379 1726 507 1794 confosso
534 1749 650 1807 corpore
673 1731 703 1788 in
728 1728 816 1790 Tibe-

135 1809 189 1872 rim
212 1810 363 1890 dejicitur,
387 1810 543 1892 tyrannidis
572 1807 672 1870 ostavo
694 1809 812 1882 mense,

133 1914 224 1954 annos
246 1912 327 1954 natus
350 1891 526 1976 septuaginta
549 1900 577 1952 δι
600 1894 724 1974 quinque
745 1914 812 1954 am-

133 1974 214 2056 plius.

173 2055 216 2116 Hi
236 2077 359 2129 omnes,
381 2079 452 2138 quos
473 2056 567 2137 pauc'is
586 2056 689 2138 attigi,
710 2059 810 2135 praeci-

132 2138 242 2219 pueque
254 2135 402 2198 Caesatum
416 2159 505 2218 gens,
525 2136 596 2196 adeo
610 2136 707 2194 litteris
723 2138 811 2208 culti,

133 2238 218 2300 atquc
234 2218 395 2299 eloquentia
408 2217 506 2288 suite,
528 2235 559 2276 ut
576 2218 611 2276 ni»
620 2217 725 2276 canois
737 2219 813 2278 vitiis

136 2298 267 2381 [absque
293 2297 453 2380 Augusto]
479 2299 561 2357 nimii
584 2295 701 2366 forent,
728 2317 812 2358 tantae

134 2401 206 2440 artes
234 2379 362 2461 profedib
395 2376 521 2440 texissent
552 2377 666 2438 modica
694 2379 813 2462 flagitia.

134 2461 209 2538 Quis
229 2462 310 2522 rebus
333 2483 508 2545 quamquam
528 2459 594 2521 satis
612 2457 718 2520 constet
754 2481 811 2524 tae-

134 2540 204 2604 state
216 2564 328 2614 mores,
348 2564 444 2604 tamen
457 2545 556 2624 cuique
572 2540 721 2623 pracsertim
737 2481 813 2605 ium-

133 2643 184 2684 mo
214 2621 351 2695 Restori,
379 2644 519 2706 utroque,
550 2625 573 2684 si
600 2643 707 2705 queat,
734 2629 813 2703 juxta

132 2726 226 2786 opus3
249 2705 291 2766 sin
315 2723 408 2764 autem
433 2707 497 2766 vitae
525 2707 669 2785 proposito
694 2707 723 2764 in
749 2708 808 2766 im-

134 2784 264 2846 mensum
281 2785 496 2869 progrediente,
517 2789 659 2866 elegantiae
680 2783 746 2848 satis
761 2804 808 2849 at-

132 2889 187 2954 que
205 2869 376 2930 austeritatis
393 2865 486 2932 sumat
503 2867 698 2930 eruditionem.
