2110 3666
256 321 326 390 290
375 297 501 368 Ana.
530 297 814 370 Virronis

233 409 379 482 'Octavio
400 419 534 479 Senatote
553 419 684 502 genitus,
706 437 865 478 maternum
886 433 937 503 gei

162 496 165 504 ¹
254 523 308 562 nus
326 501 363 561 ab
381 497 478 561 AEned
495 520 543 580 per
563 499 669 560 Iuliam
691 491 832 560 familiam
855 498 938 560 sorti-

254 603 318 653 tus,
342 579 495 662 adoptione
517 579 584 640 verd
609 580 678 642 Caii
698 579 819 641 Caesaris
843 587 936 662 majo-

252 668 289 724 ris
308 662 457 735 avunculi,
477 659 565 722 Caius
584 660 681 724 Caesar
701 661 811 733 dietus,
834 662 936 723 deinde

253 745 293 804 ob
313 743 466 806 victoriam
481 741 621 826 Augustus
641 763 676 802 co
699 745 863 804 nominatus
884 742 932 805 est.

252 825 308 888 Iste
327 829 357 886 in
376 827 496 907 imperio
514 828 642 906 positus,
659 763 859 885 ilibuniciam
883 847 938 906 po·

253 906 381 968 testatem
400 927 448 987 per
466 904 494 969 se
511 907 642 968 exercuit.
662 906 822 988 Regiouem
840 905 938 990 AEgy-

252 992 296 1071 pti
312 989 496 1050 inundatione
514 987 577 1048 Nili
594 983 701 1048 acceffu
714 985 875 1058 difficilem,
891 991 938 1048 in-

253 1073 388 1151 viamque
405 1069 574 1150 paludibus,
592 1069 622 1128 in
642 1069 792 1148 provincia
812 1068 938 1130 formam

253 1152 374 1236 redegit.
397 1151 496 1227 Quam
521 1169 552 1210 ut
574 1169 695 1210 annonae
718 1149 806 1210 Urbis
832 1152 937 1230 copio-

252 1229 315 1294 sam
333 1232 469 1302 efficeret,
487 1228 572 1292 forsas
586 1230 693 1292 incurii
707 1228 849 1290 vetustatis
864 1231 939 1293 limo

253 1312 385 1384 clausas,
406 1312 503 1372 labore
529 1313 653 1372 militum
676 1309 816 1392 patefecit.
844 1311 940 1393 Hujus

252 1415 380 1476 tempore
403 1415 437 1453 ex
461 1393 503 1455 AE
521 1433 524 1438 -
544 1413 593 1474 pto
615 1393 692 1455 Urbi
709 1414 802 1452 annua
825 1391 938 1456 ducen-

253 1478 306 1537 ties
328 1495 445 1536 centena
471 1479 508 1534 m'
534 1477 560 1535 ia
583 1473 718 1536 frumenti
736 1471 938 1538 inferebantur.

251 1557 308 1620 Iste
331 1557 497 1620 Cantabros
525 1567 552 1617 δι
580 1557 768 1638 Aquitanos,
793 1553 910 1618 Rhaetos
926 1605 939 1630 ,

253 1638 444 1710 Vindelicos,
464 1639 614 1700 Dalmatas
633 1657 751 1696 numero
771 1641 938 1718 provincia-

254 1743 318 1783 runt
340 1721 451 1803 populo
467 1720 602 1780 Romano
622 1722 776 1797 conjunxit.
804 1719 939 1795 suevos,

254 1801 415 1884 Cattosque
434 1801 557 1874 delevit,
580 1801 739 1861 Sicambros
760 1801 790 1860 in
808 1800 939 1862 Galliam

254 1881 403 1944 transtulit.
425 1881 588 1942 Pannonios
607 1879 800 1960 stipendiarios
823 1881 938 1962 adjecit.

253 1965 394 2026 Getarum
421 1963 540 2045 populos
568 1959 765 2044 Basternalqut
792 1963 939 2026 lacessitos

252 2047 336 2108 bellis
347 2047 383 2107 ad
399 2044 580 2105 concordiam
596 2044 743 2124 compulit.
757 2043 833 2104 Huic
847 2045 938 2106 Persa:
1000 2055 1005 2068 '

254 2129 369 2191 obsides
387 2127 568 2200 obtulerunt,
590 2124 756 2207 creandique
775 2125 867 2209 Reges
891 2149 939 2188 ar-

254 2211 370 2272 bitrium
389 2207 579 2290 permiserunt.
597 2207 645 2268 Ad
662 2205 736 2266 hunc
756 2206 839 2278 Indi,
860 2207 937 2288 Scy-

253 2289 330 2364 thae,
349 2292 556 2361 Garamantes,
575 2286 727 2368 AEthioper
743 2287 852 2372 legatos
871 2310 937 2350 cum

254 2373 339 2434 donis
371 2370 517 2434 miserunt.
553 2367 636 2432 Aded
663 2369 784 2450 denique
815 2369 936 2444 turbas,

251 2453 348 2528 bella,
376 2451 531 2514 simultates
556 2449 708 2510 exsecratus
731 2448 797 2521 est,
824 2469 855 2510 ut
879 2455 938 2513 nisi

252 2533 331 2596 'ustis
355 2534 390 2594 de
413 2535 501 2595 causis
522 2539 679 2614 numquam
702 2534 780 2616 genti
802 2534 936 2614 cuiquam

251 2558 359 2677 laellum
379 2613 520 2674 indixerit.
542 2611 732 2696 Jattancisque
754 2609 806 2671 else
826 2615 936 2696 ingenii

253 2707 281 2759 δι
302 2697 436 2758 levissimi
454 2693 587 2766 dicebat,
604 2694 703 2755 ardore
720 2692 936 2773 triumphandi,

257 2789 285 2842 &
305 2779 343 2838 ob
361 2778 484 2838 lauream
501 2798 660 2845 coronam,
680 2775 709 2835 id
728 2774 787 2845 est,
804 2773 874 2835 folia
892 2779 936 2836 in-

252 2853 400 2924 fructuosa
419 2863 449 2922 in
468 2856 618 2922 discrimen
638 2877 686 2940 per
703 2859 823 2918 incertos
844 2877 934 2920 even·
