2060 3662
237 393 278 456 ‚4
304 345 599 436 oquuuorro'
617 357 912 418 sutrinorum

253 489 304 574 qui
328 484 402 543 hunc
421 477 590 556 Eutropium
612 467 788 534 Historicum
814 460 937 527 eundern

254 565 308 628 elle
330 561 502 625 contendant
529 576 594 614 cum
613 550 753 628 Eutropio
770 543 939 622 Presbytero

254 651 414 715 Africano,
435 636 586 723 Augustini
610 629 771 710 discipulo,
795 625 846 707 qui
867 622 942 682 duas

255 733 294 794 ad
314 728 421 791 sorores
444 717 649 787 consolationes
671 707 857 786 conscripsit,
881 723 937 761 cu-

255 819 300 897 jus
317 806 469 870 meminere
482 801 647 862 Ptolemaeus
664 791 817 857 Lucensis,
838 794 865 846 &
879 783 943 847 Ra-

279 893 342 954 hael
359 885 570 949 Volaterranos.
593 873 703 956 Stylum
723 876 781 950 ejus
796 865 944 945 improbat

257 917 404 1042 lessius,
430 985 462 1026 ut
488 959 584 1044 partim
609 957 779 1016 concinnum
806 972 812 1006 :
839 945 944 1006 fatetur

259 1076 381 1124 tamen,
406 1070 448 1109 res
473 1043 546 1126 ipsas
571 1033 741 1118 compendio
766 1029 831 1090 satis
855 1048 943 1085 com-

262 1137 351 1200 modo
378 1133 414 1192 ab
428 1115 770 1204 'Eutropioconstrielan
799 1107 946 1169 Dostissi-

263 1241 344 1280 mum
372 1207 451 1273 fuille
477 1203 646 1281 Eutropium
669 1243 678 1268 ‚
707 1205 734 1256 δι
762 1188 850 1251 multi
878 1189 946 1247 elo«.

265 1294 381 1384 quenti&
404 1283 536 1368 scripsiffe
553 1301 632 1365 putat
646 1276 769 1341 lacobus
789 1269 948 1348 Philippus,

264 1383 425 1460 Antiquum
434 1359 703 1448 Historiographum
721 1354 843 1436 appellat
854 1351 952 1410 Hinc-

236 1492 238 1496 ·
267 1483 362 1526 inatus
376 1449 552 1517 Rhemensis.
567 1447 607 1506 At
621 1437 797 1503 Schonovius
811 1454 869 1494 non
882 1451 953 1491 euni

267 1549 340 1606 inter
363 1538 494 1617 antiquos
517 1521 639 1588 recenset
658 1519 731 1600 :sed
752 1517 815 1575 licet
834 1512 954 1592 scripsit

265 1621 422 1710 posterius,
440 1633 521 1691 neque
534 1629 645 1675 tamen,
663 1603 692 1661 in
714 1599 756 1658 uit
769 1643 778 1668 ‚
793 1598 883 1655 minor
899 1595 955 1652 elo,

270 1705 405 1788 quentici,
432 1693 577 1776 &judicio
597 1688 681 1746 etiarn
691 1621 877 1760 inpetieribus
890 1675 954 1750 fuit

272 1785 443 1850 eminentior.
463 1767 654 1852 Sanequanti
674 1781 740 1828 cum
759 1757 852 1820 Graeci
873 1753 952 1814 fece-

267 1874 352 1938 rint,
370 1865 416 1926 vel
432 1872 598 1942 argumento
618 1843 689 1906 illucl
706 1843 780 1912 erit,
801 1835 879 1919 quod
896 1835 957 1895 Ca·
1011 1869 1012 1872 =

297 1955 360 2019 ito,
378 1955 404 2005 &
425 1939 579 2002 Paeanius,
605 1922 775 2005 Eutropiani
794 1916 959 1998 compendii

274 1973 472 2109 isleraphrasin
490 2014 588 2079 Grtccl
609 2003 774 2088 scripserint.¹
801 2001 873 2060 Duae
895 1995 961 2056 sunt

277 2131 373 2176 autem
392 2097 515 2166 omnini)
532 2115 596 2164 res,
615 2109 675 2172 quae
696 2085 805 2145 famam
820 2127 830 2152 ,
847 2089 874 2140 uc
889 2079 960 2161 glo,

278 2199 352 2258 riam
368 2182 546 2268 scriptoribus
566 2171 716 2234 conciliare
734 2163 865 2230 soleant,
888 2161 913 2218 si
933 2161 963 2217 in

281 2278 387 2337 alienas
405 2263 600 2328 transferannu
617 2253 753 2334 linguas,
776 2248 853 2326 sique
875 2243 965 2302 inter}

283 2349 484 2448 pretationibus
510 2335 684 2410 illustrentur,

533 2600 711 2750 Q
