2142 3664
208 382 211 391 .
282 341 351 404 240
423 313 544 403 Aua.
576 313 788 386 Vrcron

280 456 341 496 tum
361 436 495 496 Ptaetorio
518 435 694 496 Saburanum
718 435 867 508 nomine,
896 431 961 497 etim

279 520 391 602 insigne
411 516 577 598 potestatis,
600 519 639 576 uti
657 538 718 577 mos
739 536 823 587 erat,
850 521 958 657 pupio-

278 621 344 658 nem
364 600 463 670 daret,
488 599 584 656 crebro
602 599 764 657 monuerit:
784 597 855 657 Tibi
875 601 884 656 i
910 621 960 660 um

278 681 315 740 ad
335 682 543 740 munimentum
566 681 622 738 mei
641 681 817 750 committo,
840 681 863 739 si
883 683 963 741 reete

277 781 390 842 agam3
415 763 457 821 sin
486 762 589 832 aliter,
612 762 643 819 in
664 781 710 819 me
734 762 827 844 magis
849 783 856 819 ε
878 761 960 842 quod

275 843 488 902 Moderatorem
517 844 647 901 omnium
674 843 720 902 vel
745 862 832 901 errare
864 842 960 905 mimis

275 923 318 984 fas
342 926 385 984 sit.
404 924 585 1001 Quinetiam
601 924 809 994 vinolentiam,
835 943 893 1002 quo
913 927 961 984 vi-

272 1008 345 1076 tio,
376 1007 417 1064 uti
442 1003 569 1078 Nerva,
598 1004 780 1088 angebatur,
811 1003 960 1084 prudentii

275 1088 459 1158 molliverat3
482 1089 570 1146 curari
592 1106 690 1145 vetans
715 1081 784 1164 julla
807 1081 869 1165 post
889 1087 958 1147 lon-

275 1171 366 1252 giores
385 1170 488 1248 epulas.
509 1167 563 1228 His
584 1167 731 1227 virtutibus
748 1169 812 1228 asto
831 1167 957 1247 Imperio

270 1271 364 1309 annos
394 1270 480 1330 prope
509 1251 641 1330 viginti,
676 1245 740 1307 etim
768 1267 844 1307 terrae
874 1269 958 1310 motu

273 1333 353 1413 gravi
383 1329 457 1412 apud
481 1327 666 1389 Antiochiam
691 1349 843 1410 caeteraque
869 1329 955 1410 Syriae

271 1413 403 1470 extremis
424 1412 595 1482 afficeretur,
616 1429 719 1495 rogatu
737 1409 851 1470 Pactum
871 1413 952 1490 mili-

268 1494 343 1552 'tiam
366 1512 515 1574 repetens,
539 1493 642 1552 morbo
670 1493 776 1572 periit,
824 1489 954 1553 randaevai

271 1594 351 1634 aetate
363 1597 372 1645 3
387 1573 494 1635 adscito
507 1572 579 1656 prius
592 1573 628 1634 ad
638 1573 791 1654 Imperium
803 1513 953 1634 Iladriano

272 1657 332 1716 cive
350 1658 572 1738 propinquoque.
595 1653 709 1715 Abhinc
724 1651 815 1713 divisa
833 1658 952 1716 nomina

270 1736 418 1798 Caesarum
437 1759 520 1819 atque
538 1735 680 1822 Augusti,
702 1735 904 1817 indudlumque
921 1739 951 1796 in

270 1817 510 1898 Rempublicam,
532 1821 573 1878 uti
593 1819 672 1888 duo,
694 1813 743 1876 seu
760 1818 849 1896 plures
869 1816 950 1878 sum-

271 1920 323 1958 mae
385 1901 502 1970 tentiae,
528 1899 675 1958 dissimiles
697 1917 889 1981 cognomento
918 1921 952 1959 ac

270 1999 335 2060 pote
360 1999 404 2040 ate
419 1977 521 2059 dispari
531 1981 598 2039 sint·
616 1979 801 2061 Quamquam
816 1981 864 2038 alii
882 1979 953 2040 Plo-

270 2063 359 2132 tinae,
382 2059 502 2140 Trajani
524 2063 653 2144 conjugis
678 2059 774 2120 favore
796 2061 953 2140 Imperium

270 2139 421 2204 allecutum
436 2161 554 2227 putent,
571 2163 632 2224 quat
645 2143 698 2201 viti
711 2141 878 2202 testamento
892 2137 953 2202 hae-

269 2223 363 2284 redem
377 2247 405 2284 re
428 2227 457 2284 ni
471 2223 627 2284 institutum
642 2222 794 2283 simulluat.

318 2304 373 2366 XI
416 2349 423 2364 .
456 2306 545 2388 Igitur
569 2304 664 2365 AElius
695 2305 856 2366 Hadrianus
882 2303 949 2364 elo·

268 2388 366 2467 quio,
393 2407 522 2470 togaeque
550 2385 647 2450 studiis
680 2385 949 2460 accommodatior,

265 2488 335 2547 pace
369 2467 406 2527 ad
433 2467 580 2528 Orientem
615 2467 794 2547 compositi,
821 2467 949 2526 Romam

229 2619 235 2629 .
267 2547 428 2687 repreditur.
446 2547 490 2606 Ibi
501 2549 663 2608 Graecorum
678 2569 778 2618 more,
799 2547 847 2608 seu
860 2547 948 2608 Pom·

266 2631 295 2709 pi
309 2631 328 2686 ii
345 2629 467 2698 Numa,
490 2631 683 2700 caerimonias,
704 2631 804 2713 leges,
824 2649 948 2712 gymna-

266 2711 332 2780 sia,
363 2707 545 2792 dostoresque
574 2731 667 2772 curare
696 2714 817 2792 occoepir
830 2757 843 2781 ‚
874 2708 947 2770 adeo

267 2790 404 2872 quidem,
424 2811 455 2850 ut
470 2793 556 2852 etiam
576 2791 673 2851 ludum
693 2793 877 2876 ingenuarum
896 2815 945 2850 ar-

267 2875 362 2948 tIum,
386 2873 464 2958 quod
488 2871 655 2936 Athenaeum
682 2894 811 2943 vocant,
837 2871 946 2932 consti-

851 2973 947 3014 tuerer.
