<?xml version="1.0" encoding="UTF-8"?>
<!DOCTYPE html PUBLIC "-//W3C//DTD XHTML 1.0 Transitional//EN"
    "http://www.w3.org/TR/xhtml1/DTD/xhtml1-transitional.dtd">
<html xmlns="http://www.w3.org/1999/xhtml" xml:lang="en" lang="en">
 <head>
  <title>
</title>
<meta http-equiv="Content-Type" content="text/html;charset=utf-8" />
  <meta name='ocr-system' content='tesseract 3.04.00' />
  <meta name='ocr-capabilities' content='ocr_page ocr_carea ocr_par ocr_line ocrx_word'/>
</head>
<body>
  <div class='ocr_page' id='page_1' title='image "./eutropiisextaur00victgoog_0062.png"; bbox 0 0 2060 3662; ppageno 0'>
   <div class='ocr_carea' id='block_1_1' title="bbox 254 309 790 439">
    <p class='ocr_par' dir='ltr' id='par_1_1' title="bbox 254 309 790 439">
     <span class='ocr_line' id='line_1_1' title="bbox 254 309 790 439; baseline 0.004 -21"><span class='ocrx_word' id='word_1_1' title='bbox 254 309 613 420; x_wconf 52' lang='lat' dir='ltr'>&#39;rrnnnllz</span> <span class='ocrx_word' id='word_1_2' title='bbox 751 371 790 439; x_wconf 79' lang='lat'>53</span> 
     </span>
    </p>
   </div>
   <div class='ocr_carea' id='block_1_2' title="bbox 4 459 794 610">
    <p class='ocr_par' dir='ltr' id='par_1_2' title="bbox 4 459 794 610">
     <span class='ocr_line' id='line_1_2' title="bbox 4 459 794 610; baseline 0 -82"><span class='ocrx_word' id='word_1_3' title='bbox 4 459 6 491; x_wconf 61' lang='lat'><em>³</em></span> <span class='ocrx_word' id='word_1_4' title='bbox 114 465 193 540; x_wconf 71' lang='lat' dir='ltr'>diti,</span> <span class='ocrx_word' id='word_1_5' title='bbox 215 467 305 530; x_wconf 86' lang='lat' dir='ltr'>Caius</span> <span class='ocrx_word' id='word_1_6' title='bbox 324 467 441 531; x_wconf 83' lang='lat' dir='ltr'>Cassius</span> <span class='ocrx_word' id='word_1_7' title='bbox 458 467 624 610; x_wconf 48' lang='grc' dir='ltr'>[οῃῗίῃιιῃ</span> <span class='ocrx_word' id='word_1_8' title='bbox 645 477 671 528; x_wconf 91' lang='lat'>&amp;</span> <span class='ocrx_word' id='word_1_9' title='bbox 695 466 794 528; x_wconf 84' lang='lat' dir='ltr'>Sextus</span> 
     </span>
    </p>
   </div>
   <div class='ocr_carea' id='block_1_3' title="bbox 4 545 795 626">
    <p class='ocr_par' dir='ltr' id='par_1_3' title="bbox 4 545 795 626">
     <span class='ocr_line' id='line_1_3' title="bbox 4 545 795 626; baseline -0.003 -16"><span class='ocrx_word' id='word_1_10' title='bbox 4 621 5 626; x_wconf 7' lang='grc' dir='ltr'>ἵ</span> <span class='ocrx_word' id='word_1_11' title='bbox 115 549 262 613; x_wconf 87' lang='lat' dir='ltr'>Domitius</span> <span class='ocrx_word' id='word_1_12' title='bbox 276 547 416 610; x_wconf 84' lang='lat' dir='ltr'>Calvinus</span> <span class='ocrx_word' id='word_1_13' title='bbox 427 545 526 609; x_wconf 88' lang='lat' dir='ltr'>Consu</span> <span class='ocrx_word' id='word_1_14' title='bbox 538 571 583 620; x_wconf 88' lang='lat' dir='ltr'>es,</span> <span class='ocrx_word' id='word_1_15' title='bbox 597 549 689 610; x_wconf 85' lang='lat' dir='ltr'>Gallis</span> <span class='ocrx_word' id='word_1_16' title='bbox 704 545 795 608; x_wconf 83' lang='lat' dir='ltr'>Tran-</span> 
     </span>
    </p>
   </div>
   <div class='ocr_carea' id='block_1_4' title="bbox 113 613 793 710">
    <p class='ocr_par' dir='ltr' id='par_1_4' title="bbox 113 613 793 710">
     <span class='ocr_line' id='line_1_4' title="bbox 113 613 793 710; baseline -0.003 -20"><span class='ocrx_word' id='word_1_17' title='bbox 113 627 229 710; x_wconf 89' lang='lat' dir='ltr'>salpinis</span> <span class='ocrx_word' id='word_1_18' title='bbox 250 630 358 688; x_wconf 90' lang='lat' dir='ltr'>bellum</span> <span class='ocrx_word' id='word_1_19' title='bbox 378 613 548 702; x_wconf 88' lang='lat' dir='ltr'>intulerunt,</span> <span class='ocrx_word' id='word_1_20' title='bbox 563 639 590 691; x_wconf 89' lang='lat'>&amp;</span> <span class='ocrx_word' id='word_1_21' title='bbox 602 630 793 694; x_wconf 84' lang='lat' dir='ltr'>Arvernorum</span> 
     </span>
    </p>
   </div>
   <div class='ocr_carea' id='block_1_5' title="bbox 4 710 794 791">
    <p class='ocr_par' dir='ltr' id='par_1_5' title="bbox 4 710 794 791">
     <span class='ocr_line' id='line_1_5' title="bbox 4 710 794 791; baseline 0.004 -21"><span class='ocrx_word' id='word_1_22' title='bbox 4 714 5 723; x_wconf 73' lang='grc'>’</span> <span class='ocrx_word' id='word_1_23' title='bbox 113 729 182 770; x_wconf 89' lang='lat' dir='ltr'>tunc</span> <span class='ocrx_word' id='word_1_24' title='bbox 207 710 390 770; x_wconf 79' lang='lat' dir='ltr'>nobilissimae</span> <span class='ocrx_word' id='word_1_25' title='bbox 420 712 528 770; x_wconf 89' lang='lat' dir='ltr'>civitati</span> <span class='ocrx_word' id='word_1_26' title='bbox 544 757 556 781; x_wconf 89' lang='lat'>,</span> <span class='ocrx_word' id='word_1_27' title='bbox 585 729 669 791; x_wconf 89' lang='lat' dir='ltr'>atque</span> <span class='ocrx_word' id='word_1_28' title='bbox 695 717 794 773; x_wconf 85' lang='lat' dir='ltr'>eorum</span> 
     </span>
    </p>
   </div>
   <div class='ocr_carea' id='block_1_6' title="bbox 109 788 794 2545">
    <p class='ocr_par' dir='ltr' id='par_1_6' title="bbox 113 788 794 1333">
     <span class='ocr_line' id='line_1_6' title="bbox 113 788 793 876; baseline 0.001 -26"><span class='ocrx_word' id='word_1_29' title='bbox 113 789 175 876; x_wconf 84' lang='lat' dir='ltr'>regi</span> <span class='ocrx_word' id='word_1_30' title='bbox 198 789 306 850; x_wconf 89' lang='lat' dir='ltr'>Bituito</span> <span class='ocrx_word' id='word_1_31' title='bbox 319 811 329 861; x_wconf 82' lang='lat'>3</span> <span class='ocrx_word' id='word_1_32' title='bbox 359 789 556 872; x_wconf 84' lang='lat' dir='ltr'>infinitamque</span> <span class='ocrx_word' id='word_1_33' title='bbox 582 788 793 852; x_wconf 85' lang='lat' dir='ltr'>multitudinem</span> 
     </span>
     <span class='ocr_line' id='line_1_7' title="bbox 113 869 791 950; baseline 0.004 -20"><span class='ocrx_word' id='word_1_34' title='bbox 113 876 191 950; x_wconf 83' lang='lat' dir='ltr'>juxta</span> <span class='ocrx_word' id='word_1_35' title='bbox 224 869 399 930; x_wconf 82' lang='lat' dir='ltr'>Rhodanum</span> <span class='ocrx_word' id='word_1_36' title='bbox 431 873 549 932; x_wconf 90' lang='lat' dir='ltr'>fluvium</span> <span class='ocrx_word' id='word_1_37' title='bbox 585 872 791 934; x_wconf 86' lang='lat' dir='ltr'>interfecerunt.</span> 
     </span>
     <span class='ocr_line' id='line_1_8' title="bbox 113 949 792 1036; baseline 0 -24"><span class='ocrx_word' id='word_1_38' title='bbox 113 951 212 1012; x_wconf 82' lang='lat' dir='ltr'>Praeda</span> <span class='ocrx_word' id='word_1_39' title='bbox 231 972 265 1010; x_wconf 85' lang='lat' dir='ltr'>ex</span> <span class='ocrx_word' id='word_1_40' title='bbox 284 949 429 1031; x_wconf 84' lang='lat' dir='ltr'>torquibus</span> <span class='ocrx_word' id='word_1_41' title='bbox 442 953 591 1012; x_wconf 82' lang='lat' dir='ltr'>Gallorum</span> <span class='ocrx_word' id='word_1_42' title='bbox 612 955 711 1036; x_wconf 85' lang='lat' dir='ltr'>ingens</span> <span class='ocrx_word' id='word_1_43' title='bbox 730 955 792 1021; x_wconf 81' lang='lat' dir='ltr'>Ro·</span> 
     </span>
     <span class='ocr_line' id='line_1_9' title="bbox 114 1029 794 1113; baseline 0.004 -22"><span class='ocrx_word' id='word_1_44' title='bbox 114 1053 195 1092; x_wconf 84' lang='lat' dir='ltr'>mam</span> <span class='ocrx_word' id='word_1_45' title='bbox 213 1031 318 1113; x_wconf 83' lang='lat' dir='ltr'>perlata</span> <span class='ocrx_word' id='word_1_46' title='bbox 335 1029 381 1093; x_wconf 89' lang='lat' dir='ltr'>est.</span> <span class='ocrx_word' id='word_1_47' title='bbox 405 1033 524 1095; x_wconf 89' lang='lat' dir='ltr'>Bituitus</span> <span class='ocrx_word' id='word_1_48' title='bbox 544 1033 572 1094; x_wconf 88' lang='lat' dir='ltr'>se</span> <span class='ocrx_word' id='word_1_49' title='bbox 589 1031 723 1093; x_wconf 90' lang='lat' dir='ltr'>Domitio</span> <span class='ocrx_word' id='word_1_50' title='bbox 744 1035 794 1094; x_wconf 88' lang='lat' dir='ltr'>de-</span> 
     </span>
     <span class='ocr_line' id='line_1_10' title="bbox 115 1113 792 1194; baseline 0.001 -22"><span class='ocrx_word' id='word_1_51' title='bbox 115 1113 208 1183; x_wconf 87' lang='lat' dir='ltr'>didit,</span> <span class='ocrx_word' id='word_1_52' title='bbox 232 1132 316 1194; x_wconf 87' lang='lat' dir='ltr'>atque</span> <span class='ocrx_word' id='word_1_53' title='bbox 333 1113 369 1172; x_wconf 87' lang='lat' dir='ltr'>ab</span> <span class='ocrx_word' id='word_1_54' title='bbox 388 1134 421 1171; x_wconf 91' lang='lat' dir='ltr'>eo</span> <span class='ocrx_word' id='word_1_55' title='bbox 439 1113 564 1175; x_wconf 86' lang='lat' dir='ltr'>Romam</span> <span class='ocrx_word' id='word_1_56' title='bbox 584 1113 716 1174; x_wconf 72' lang='lat' dir='ltr'>dedudius</span> <span class='ocrx_word' id='word_1_57' title='bbox 735 1114 792 1186; x_wconf 86' lang='lat' dir='ltr'>est,</span> 
     </span>
     <span class='ocr_line' id='line_1_11' title="bbox 113 1189 791 1333; baseline 0.001 -81"><span class='ocrx_word' id='word_1_58' title='bbox 113 1189 274 1333; x_wconf 40' lang='lat' dir='ltr'>nkagnique</span> <span class='ocrx_word' id='word_1_59' title='bbox 299 1191 390 1278; x_wconf 62' lang='lat' dir='ltr'>glori&amp;</span> <span class='ocrx_word' id='word_1_60' title='bbox 412 1191 552 1256; x_wconf 85' lang='lat' dir='ltr'>Consules</span> <span class='ocrx_word' id='word_1_61' title='bbox 574 1196 661 1258; x_wconf 85' lang='lat' dir='ltr'>ambo</span> <span class='ocrx_word' id='word_1_62' title='bbox 689 1197 791 1270; x_wconf 82' lang='lat' dir='ltr'>trium-</span> 
     </span>
    </p>

    <p class='ocr_par' dir='ltr' id='par_1_7' title="bbox 110 1293 793 1841">
     <span class='ocr_line' id='line_1_12' title="bbox 155 1293 761 1353; baseline 0.008 -21"><span class='ocrx_word' id='word_1_63' title='bbox 155 1293 277 1336; x_wconf 83' lang='lat' dir='ltr'>averunt.</span> <span class='ocrx_word' id='word_1_64' title='bbox 454 1333 462 1345; x_wconf 72' lang='lat'><strong>.</strong></span> <span class='ocrx_word' id='word_1_65' title='bbox 756 1343 761 1353; x_wconf 25' lang='lat' dir='ltr'><em>p</em></span> 
     </span>
     <span class='ocr_line' id='line_1_13' title="bbox 113 1293 790 1436; baseline 0.007 -23"><span class='ocrx_word' id='word_1_66' title='bbox 113 1293 132 1356; x_wconf 70' lang='lat' dir='ltr'><strong>P</strong></span> <span class='ocrx_word' id='word_1_67' title='bbox 154 1353 264 1417; x_wconf 90' lang='lat' dir='ltr'>XXlll.</span> <span class='ocrx_word' id='word_1_68' title='bbox 279 1355 380 1418; x_wconf 80' lang='lat' dir='ltr'>Marco</span> <span class='ocrx_word' id='word_1_69' title='bbox 393 1355 494 1416; x_wconf 81' lang='lat' dir='ltr'>Poicio</span> <span class='ocrx_word' id='word_1_70' title='bbox 508 1353 621 1417; x_wconf 86' lang='lat' dir='ltr'>Catone</span> <span class='ocrx_word' id='word_1_71' title='bbox 639 1359 790 1436; x_wconf 88' lang='lat' dir='ltr'>&amp;Quinto</span> 
     </span>
     <span class='ocr_line' id='line_1_14' title="bbox 117 1433 791 1520; baseline 0.001 -22"><span class='ocrx_word' id='word_1_72' title='bbox 117 1433 229 1498; x_wconf 80' lang='lat' dir='ltr'>Marcio</span> <span class='ocrx_word' id='word_1_73' title='bbox 250 1438 330 1520; x_wconf 83' lang='lat' dir='ltr'>Rege</span> <span class='ocrx_word' id='word_1_74' title='bbox 356 1437 530 1500; x_wconf 85' lang='lat' dir='ltr'>Consulibus</span> <span class='ocrx_word' id='word_1_75' title='bbox 545 1485 555 1510; x_wconf 90' lang='lat'>‚</span> <span class='ocrx_word' id='word_1_76' title='bbox 582 1459 601 1496; x_wconf 84' lang='lat' dir='ltr'>u</span> <span class='ocrx_word' id='word_1_77' title='bbox 612 1461 628 1498; x_wconf 91' lang='lat' dir='ltr'>c</span> <span class='ocrx_word' id='word_1_78' title='bbox 639 1461 658 1498; x_wconf 99' lang='grc' dir='ltr'>Χ</span> <span class='ocrx_word' id='word_1_79' title='bbox 668 1461 688 1498; x_wconf 89' lang='grc' dir='ltr'>Χ</span> <span class='ocrx_word' id='word_1_80' title='bbox 700 1462 719 1499; x_wconf 94' lang='grc' dir='ltr'>Χ</span> <span class='ocrx_word' id='word_1_81' title='bbox 730 1463 740 1498; x_wconf 92' lang='lat'>1</span> <span class='ocrx_word' id='word_1_82' title='bbox 751 1455 791 1512; x_wconf 76' lang='lat' dir='ltr'>rr.</span> 
     </span>
     <span class='ocr_line' id='line_1_15' title="bbox 114 1517 792 1590; baseline 0.006 -14"><span class='ocrx_word' id='word_1_83' title='bbox 114 1539 192 1578; x_wconf 87' lang='lat' dir='ltr'>anno</span> <span class='ocrx_word' id='word_1_84' title='bbox 215 1519 254 1579; x_wconf 79' lang='lat' dir='ltr'>ab</span> <span class='ocrx_word' id='word_1_85' title='bbox 285 1517 364 1581; x_wconf 86' lang='lat' dir='ltr'>Urbe</span> <span class='ocrx_word' id='word_1_86' title='bbox 395 1519 530 1590; x_wconf 73' lang='lat' dir='ltr'>conditis,</span> <span class='ocrx_word' id='word_1_87' title='bbox 561 1519 730 1580; x_wconf 83' lang='lat' dir='ltr'>Narbonam</span> <span class='ocrx_word' id='word_1_88' title='bbox 763 1523 792 1581; x_wconf 90' lang='lat' dir='ltr'>in</span> 
     </span>
     <span class='ocr_line' id='line_1_16' title="bbox 112 1595 793 1660; baseline 0.001 -1"><span class='ocrx_word' id='word_1_89' title='bbox 112 1597 210 1659; x_wconf 65' lang='lat' dir='ltr'>Gallia</span> <span class='ocrx_word' id='word_1_90' title='bbox 225 1599 337 1660; x_wconf 84' lang='lat' dir='ltr'>colonia</span> <span class='ocrx_word' id='word_1_91' title='bbox 359 1599 478 1658; x_wconf 61' lang='lat' dir='ltr'>deducta</span> <span class='ocrx_word' id='word_1_92' title='bbox 491 1597 537 1657; x_wconf 90' lang='lat' dir='ltr'>est.</span> <span class='ocrx_word' id='word_1_93' title='bbox 557 1595 622 1657; x_wconf 88' lang='lat' dir='ltr'>Post</span> <span class='ocrx_word' id='word_1_94' title='bbox 641 1601 658 1660; x_wconf 72' lang='lat' dir='ltr'>i</span> <span class='ocrx_word' id='word_1_95' title='bbox 675 1601 708 1660; x_wconf 88' lang='lat' dir='ltr'>L.</span> <span class='ocrx_word' id='word_1_96' title='bbox 725 1603 793 1660; x_wconf 91' lang='lat' dir='ltr'>Me-</span> 
     </span>
     <span class='ocr_line' id='line_1_17' title="bbox 110 1677 792 1754; baseline 0.007 -16"><span class='ocrx_word' id='word_1_97' title='bbox 110 1679 181 1738; x_wconf 83' lang='lat' dir='ltr'>tello</span> <span class='ocrx_word' id='word_1_98' title='bbox 200 1687 228 1739; x_wconf 90' lang='lat'>&amp;</span> <span class='ocrx_word' id='word_1_99' title='bbox 244 1679 354 1754; x_wconf 90' lang='lat' dir='ltr'>Quinto</span> <span class='ocrx_word' id='word_1_100' title='bbox 364 1677 464 1739; x_wconf 88' lang='lat' dir='ltr'>Mucio</span> <span class='ocrx_word' id='word_1_101' title='bbox 480 1677 605 1739; x_wconf 72' lang='lat' dir='ltr'>Scaevoli</span> <span class='ocrx_word' id='word_1_102' title='bbox 619 1679 792 1743; x_wconf 86' lang='lat' dir='ltr'>Consulibus</span> 
     </span>
     <span class='ocr_line' id='line_1_18' title="bbox 117 1757 605 1841; baseline 0.002 -23"><span class='ocrx_word' id='word_1_103' title='bbox 117 1758 155 1818; x_wconf 88' lang='lat' dir='ltr'>de</span> <span class='ocrx_word' id='word_1_104' title='bbox 176 1758 323 1820; x_wconf 59' lang='lat' dir='ltr'>Dalmatia</span> <span class='ocrx_word' id='word_1_105' title='bbox 342 1757 542 1841; x_wconf 83' lang='lat' dir='ltr'>triumphatum</span> <span class='ocrx_word' id='word_1_106' title='bbox 559 1758 605 1820; x_wconf 89' lang='lat' dir='ltr'>est.</span> 
     </span>
    </p>

    <p class='ocr_par' dir='ltr' id='par_1_8' title="bbox 109 1837 791 2086">
     <span class='ocr_line' id='line_1_19' title="bbox 153 1837 791 1920; baseline 0.006 -22"><span class='ocrx_word' id='word_1_107' title='bbox 153 1837 301 1900; x_wconf 87' lang='lat' dir='ltr'><strong>XXIV.</strong></span> <span class='ocrx_word' id='word_1_108' title='bbox 344 1841 392 1901; x_wconf 84' lang='lat' dir='ltr'>Ab</span> <span class='ocrx_word' id='word_1_109' title='bbox 436 1841 515 1902; x_wconf 84' lang='lat' dir='ltr'>Urbe</span> <span class='ocrx_word' id='word_1_110' title='bbox 558 1841 671 1902; x_wconf 72' lang='lat' dir='ltr'>conditi</span> <span class='ocrx_word' id='word_1_111' title='bbox 716 1865 791 1920; x_wconf 85' lang='lat' dir='ltr'>anno</span> 
     </span>
     <span class='ocr_line' id='line_1_20' title="bbox 112 1919 791 1992; baseline 0.007 -12"><span class='ocrx_word' id='word_1_112' title='bbox 112 1941 135 1980; x_wconf 82' lang='lat' dir='ltr'>n</span> <span class='ocrx_word' id='word_1_113' title='bbox 148 1941 226 1979; x_wconf 84' lang='lat' dir='ltr'>cxx</span> <span class='ocrx_word' id='word_1_114' title='bbox 239 1941 259 1980; x_wconf 88' lang='grc' dir='ltr'>Χ</span> <span class='ocrx_word' id='word_1_115' title='bbox 271 1943 301 1981; x_wconf 79' lang='lat' dir='ltr'>u.</span> <span class='ocrx_word' id='word_1_116' title='bbox 317 1921 354 1984; x_wconf 89' lang='lat' dir='ltr'>C.</span> <span class='ocrx_word' id='word_1_117' title='bbox 374 1921 451 1984; x_wconf 83' lang='lat' dir='ltr'>Cato</span> <span class='ocrx_word' id='word_1_118' title='bbox 467 1919 564 1992; x_wconf 84' lang='lat' dir='ltr'>consul</span> <span class='ocrx_word' id='word_1_119' title='bbox 579 1922 731 1984; x_wconf 84' lang='lat' dir='ltr'>Scordiscis</span> <span class='ocrx_word' id='word_1_120' title='bbox 748 1927 791 1984; x_wconf 87' lang='lat' dir='ltr'>irr-</span> 
     </span>
     <span class='ocr_line' id='line_1_21' title="bbox 109 2001 749 2086; baseline 0.006 -26"><span class='ocrx_word' id='word_1_121' title='bbox 109 2001 180 2060; x_wconf 85' lang='lat' dir='ltr'>tulit</span> <span class='ocrx_word' id='word_1_122' title='bbox 196 2001 322 2073; x_wconf 86' lang='lat' dir='ltr'>bellum,</span> <span class='ocrx_word' id='word_1_123' title='bbox 341 2003 531 2086; x_wconf 70' lang='lat' dir='ltr'>ignominiosi</span> <span class='ocrx_word' id='word_1_124' title='bbox 554 2023 586 2062; x_wconf 87' lang='lat' dir='ltr'>ue</span> <span class='ocrx_word' id='word_1_125' title='bbox 604 2026 641 2084; x_wconf 84' lang='lat' dir='ltr'>pu</span> <span class='ocrx_word' id='word_1_126' title='bbox 662 2006 749 2064; x_wconf 79' lang='lat' dir='ltr'>navit.</span> 
     </span>
    </p>

    <p class='ocr_par' dir='ltr' id='par_1_9' title="bbox 109 2025 792 2545">
     <span class='ocr_line' id='line_1_22' title="bbox 156 2025 668 2145; baseline 0.012 -6"><span class='ocrx_word' id='word_1_127' title='bbox 156 2079 254 2141; x_wconf 87' lang='lat' dir='ltr'><strong>XXV.</strong></span> <span class='ocrx_word' id='word_1_128' title='bbox 272 2082 310 2144; x_wconf 91' lang='lat' dir='ltr'>C.</span> <span class='ocrx_word' id='word_1_129' title='bbox 326 2084 444 2144; x_wconf 83' lang='lat' dir='ltr'>Caecilio</span> <span class='ocrx_word' id='word_1_130' title='bbox 458 2025 577 2143; x_wconf 77' lang='lat' dir='ltr'>Meteilo</span> <span class='ocrx_word' id='word_1_131' title='bbox 597 2027 668 2145; x_wconf 56' lang='lat' dir='ltr'>&amp;C</span> 
     </span>
     <span class='ocr_line' id='line_1_23' title="bbox 110 2161 792 2234; baseline 0.007 -14"><span class='ocrx_word' id='word_1_132' title='bbox 110 2162 189 2220; x_wconf 93' lang='lat' dir='ltr'>bone</span> <span class='ocrx_word' id='word_1_133' title='bbox 223 2162 427 2234; x_wconf 90' lang='lat' dir='ltr'>Consulibus,</span> <span class='ocrx_word' id='word_1_134' title='bbox 457 2163 514 2222; x_wconf 92' lang='lat' dir='ltr'>duo</span> <span class='ocrx_word' id='word_1_135' title='bbox 552 2161 663 2224; x_wconf 88' lang='lat' dir='ltr'>Metelli</span> <span class='ocrx_word' id='word_1_136' title='bbox 696 2164 792 2226; x_wconf 78' lang='lat' dir='ltr'>fratres</span> 
     </span>
     <span class='ocr_line' id='line_1_24' title="bbox 110 2241 791 2322; baseline 0.006 -20"><span class='ocrx_word' id='word_1_137' title='bbox 110 2241 215 2302; x_wconf 90' lang='lat' dir='ltr'>eodem</span> <span class='ocrx_word' id='word_1_138' title='bbox 234 2243 295 2314; x_wconf 86' lang='lat' dir='ltr'>die,</span> <span class='ocrx_word' id='word_1_139' title='bbox 315 2243 439 2304; x_wconf 84' lang='lat' dir='ltr'>alterum&#39;</span> <span class='ocrx_word' id='word_1_140' title='bbox 453 2264 486 2322; x_wconf 83' lang='lat' dir='ltr'>ex</span> <span class='ocrx_word' id='word_1_141' title='bbox 505 2243 652 2316; x_wconf 57' lang='lat' dir='ltr'>Sardinia,</span> <span class='ocrx_word' id='word_1_142' title='bbox 673 2243 791 2306; x_wconf 82' lang='lat' dir='ltr'>alterum</span> 
     </span>
     <span class='ocr_line' id='line_1_25' title="bbox 109 2321 792 2406; baseline 0.007 -24"><span class='ocrx_word' id='word_1_143' title='bbox 109 2343 146 2382; x_wconf 85' lang='lat' dir='ltr'>ex</span> <span class='ocrx_word' id='word_1_144' title='bbox 155 2321 280 2383; x_wconf 70' lang='lat' dir='ltr'>Thracii</span> <span class='ocrx_word' id='word_1_145' title='bbox 288 2321 461 2404; x_wconf 88' lang='lat' dir='ltr'>triumphum</span> <span class='ocrx_word' id='word_1_146' title='bbox 470 2343 585 2406; x_wconf 86' lang='lat' dir='ltr'>egerunt</span> <span class='ocrx_word' id='word_1_147' title='bbox 590 2347 600 2396; x_wconf 85' lang='lat'>3</span> <span class='ocrx_word' id='word_1_148' title='bbox 614 2327 792 2404; x_wconf 83' lang='lat' dir='ltr'>nunciatum-</span> 
     </span>
     <span class='ocr_line' id='line_1_26' title="bbox 109 2403 789 2543; baseline 0.013 -82"><span class='ocrx_word' id='word_1_149' title='bbox 109 2424 167 2486; x_wconf 92' lang='lat' dir='ltr'>que</span> <span class='ocrx_word' id='word_1_150' title='bbox 175 2403 280 2543; x_wconf 53' lang='lat' dir='ltr'>‘llffmae</span> <span class='ocrx_word' id='word_1_151' title='bbox 290 2403 345 2478; x_wconf 88' lang='lat' dir='ltr'>est,</span> <span class='ocrx_word' id='word_1_152' title='bbox 355 2405 492 2468; x_wconf 82' lang='lat' dir='ltr'>Cimbros</span> <span class='ocrx_word' id='word_1_153' title='bbox 503 2405 517 2464; x_wconf 76' lang='grc' dir='ltr'>ὲ</span> <span class='ocrx_word' id='word_1_154' title='bbox 529 2403 624 2467; x_wconf 72' lang='lat' dir='ltr'>Gellii</span> <span class='ocrx_word' id='word_1_155' title='bbox 636 2408 665 2468; x_wconf 92' lang='lat' dir='ltr'>in</span> <span class='ocrx_word' id='word_1_156' title='bbox 675 2407 789 2471; x_wconf 87' lang='lat' dir='ltr'>ltaliam</span> 
     </span>
     <span class='ocr_line' id='line_1_27' title="bbox 112 2504 248 2545; baseline 0.007 -1"><span class='ocrx_word' id='word_1_157' title='bbox 112 2504 201 2544; x_wconf 82' lang='lat' dir='ltr'>transi</span> <span class='ocrx_word' id='word_1_158' title='bbox 225 2507 248 2545; x_wconf 90' lang='lat' dir='ltr'>e.</span> 
     </span>
    </p>
   </div>
   <div class='ocr_carea' id='block_1_7' title="bbox 151 2565 789 2646">
    <p class='ocr_par' dir='ltr' id='par_1_10' title="bbox 151 2565 789 2646">
     <span class='ocr_line' id='line_1_28' title="bbox 151 2565 789 2646; baseline 0.009 -22"><span class='ocrx_word' id='word_1_159' title='bbox 151 2565 265 2624; x_wconf 87' lang='lat' dir='ltr'><strong>XXVI.</strong></span> <span class='ocrx_word' id='word_1_160' title='bbox 287 2565 319 2624; x_wconf 92' lang='grc' dir='ltr'>Ρ.</span> <span class='ocrx_word' id='word_1_161' title='bbox 345 2567 476 2646; x_wconf 87' lang='lat' dir='ltr'>Scipione</span> <span class='ocrx_word' id='word_1_162' title='bbox 495 2565 601 2628; x_wconf 64' lang='lat' dir='ltr'>Nasici</span> <span class='ocrx_word' id='word_1_163' title='bbox 617 2577 644 2628; x_wconf 79' lang='grc' dir='ltr'>δι</span> <span class='ocrx_word' id='word_1_164' title='bbox 661 2569 696 2630; x_wconf 88' lang='lat' dir='ltr'>L.</span> <span class='ocrx_word' id='word_1_165' title='bbox 712 2567 789 2631; x_wconf 76' lang='lat' dir='ltr'>Cal-</span> 
     </span>
    </p>
   </div>
   <div class='ocr_carea' id='block_1_8' title="bbox 108 2643 791 2893">
    <p class='ocr_par' dir='ltr' id='par_1_11' title="bbox 108 2643 791 2893">
     <span class='ocr_line' id='line_1_29' title="bbox 110 2643 789 2732; baseline 0.007 -28"><span class='ocrx_word' id='word_1_166' title='bbox 110 2647 214 2724; x_wconf 86' lang='lat' dir='ltr'>purnio</span> <span class='ocrx_word' id='word_1_167' title='bbox 228 2643 318 2705; x_wconf 65' lang='lat' dir='ltr'>Bestia</span> <span class='ocrx_word' id='word_1_168' title='bbox 337 2645 525 2719; x_wconf 90' lang='lat' dir='ltr'>Consulibus,</span> <span class='ocrx_word' id='word_1_169' title='bbox 541 2647 702 2732; x_wconf 76' lang='lat' dir='ltr'>iugurthae,</span> <span class='ocrx_word' id='word_1_170' title='bbox 720 2649 789 2710; x_wconf 90' lang='lat' dir='ltr'>Nu-</span> 
     </span>
     <span class='ocr_line' id='line_1_30' title="bbox 112 2726 791 2810; baseline 0.007 -26"><span class='ocrx_word' id='word_1_171' title='bbox 112 2726 254 2786; x_wconf 84' lang='lat' dir='ltr'>midatum</span> <span class='ocrx_word' id='word_1_172' title='bbox 278 2728 358 2809; x_wconf 84' lang='lat' dir='ltr'>regi,</span> <span class='ocrx_word' id='word_1_173' title='bbox 379 2727 485 2787; x_wconf 88' lang='lat' dir='ltr'>bellum</span> <span class='ocrx_word' id='word_1_174' title='bbox 504 2729 614 2789; x_wconf 82' lang='lat' dir='ltr'>illatum</span> <span class='ocrx_word' id='word_1_175' title='bbox 634 2729 689 2804; x_wconf 88' lang='lat' dir='ltr'>est,</span> <span class='ocrx_word' id='word_1_176' title='bbox 711 2730 791 2810; x_wconf 82' lang='lat' dir='ltr'>qubd</span> 
     </span>
     <span class='ocr_line' id='line_1_31' title="bbox 108 2805 789 2893; baseline 0 -25"><span class='ocrx_word' id='word_1_177' title='bbox 108 2805 302 2868; x_wconf 84' lang='lat' dir='ltr'>Adherbalem</span> <span class='ocrx_word' id='word_1_178' title='bbox 314 2817 340 2868; x_wconf 90' lang='lat'>&amp;</span> <span class='ocrx_word' id='word_1_179' title='bbox 351 2807 561 2888; x_wconf 82' lang='lat' dir='ltr'>Hiempsalem,</span> <span class='ocrx_word' id='word_1_180' title='bbox 569 2811 696 2893; x_wconf 87' lang='lat' dir='ltr'>Micipsae</span> <span class='ocrx_word' id='word_1_181' title='bbox 704 2809 789 2882; x_wconf 86' lang='lat' dir='ltr'>filios,</span> 
     </span>
    </p>
   </div>
   <div class='ocr_carea' id='block_1_9' title="bbox 109 2887 790 2982">
    <p class='ocr_par' dir='ltr' id='par_1_12' title="bbox 109 2887 790 2982">
     <span class='ocr_line' id='line_1_32' title="bbox 109 2887 790 2982; baseline 0.006 -34"><span class='ocrx_word' id='word_1_182' title='bbox 109 2887 208 2949; x_wconf 84' lang='lat' dir='ltr'>fratres</span> <span class='ocrx_word' id='word_1_183' title='bbox 234 2887 318 2961; x_wconf 87' lang='lat' dir='ltr'>suos,</span> <span class='ocrx_word' id='word_1_184' title='bbox 348 2910 453 2982; x_wconf 77' lang='lat' dir='ltr'>teges,</span> <span class='ocrx_word' id='word_1_185' title='bbox 483 2899 510 2952; x_wconf 74' lang='grc' dir='ltr'>δε</span> <span class='ocrx_word' id='word_1_186' title='bbox 535 2891 647 2972; x_wconf 37' lang='lat' dir='ltr'>Populi.</span> <span class='ocrx_word' id='word_1_187' title='bbox 663 2892 790 2954; x_wconf 71' lang='lat' dir='ltr'>Romani</span> 
     </span>
    </p>
   </div>
   <div class='ocr_carea' id='block_1_10' title="bbox 590 2971 669 3052">
    <p class='ocr_par' dir='ltr' id='par_1_13' title="bbox 590 2971 669 3052">
     <span class='ocr_line' id='line_1_33' title="bbox 590 2971 669 3052; baseline -0.089 -16"><span class='ocrx_word' id='word_1_188' title='bbox 590 2971 618 3036; x_wconf 90' lang='lat' dir='ltr'>C</span> <span class='ocrx_word' id='word_1_189' title='bbox 638 2973 669 3052; x_wconf 76' lang='lat' dir='ltr'>iij</span> 
     </span>
    </p>
   </div>
   <div class='ocr_carea' id='block_1_11' title="bbox 0 0 1034 3662">
    <p class='ocr_par' dir='ltr' id='par_1_14' title="bbox 0 0 1034 3662">
     <span class='ocr_line' id='line_1_34' title="bbox 0 0 1034 3662; baseline 0 1"><span class='ocrx_word' id='word_1_190' title='bbox 0 0 1034 3662; x_wconf 95' lang='lat' dir='ltr'> </span> 
     </span>
    </p>
   </div>
   <div class='ocr_carea' id='block_1_12' title="bbox 671 2083 920 2158">
    <p class='ocr_par' dir='ltr' id='par_1_15' title="bbox 671 2083 920 2158">
     <span class='ocr_line' id='line_1_35' title="bbox 671 2083 920 2158; baseline 0 -14"><span class='ocrx_word' id='word_1_191' title='bbox 671 2109 699 2144; x_wconf 87' lang='lat' dir='ltr'>n.</span> <span class='ocrx_word' id='word_1_192' title='bbox 717 2083 792 2158; x_wconf 62' lang='lat' dir='ltr'>Car}</span> <span class='ocrx_word' id='word_1_193' title='bbox 918 2093 920 2095; x_wconf 76' lang='grc'><strong>’</strong></span> 
     </span>
    </p>
   </div>
  </div>
 </body>
</html>
