2110 3666
254 279 320 363 338
372 273 498 344 Ant.
528 274 807 346 Vrcroart

252 394 362 454 ditibus
385 393 475 454 Tauri
500 399 606 457 montis
629 395 703 477 apud
726 393 939 476 Mopsoctenen

253 474 328 536 febri
353 474 516 548 acerrimi,
545 498 631 558 quarn
656 477 817 560 indignatio
847 483 938 542 nimia

252 558 358 640 vigiliis
382 557 523 639 angebat,
544 559 650 618 interiit
669 580 744 619 anno
763 561 815 619 aevi
835 581 937 640 quatro

251 647 279 698 δι
298 637 539 721 quadragesimo,
559 641 670 720 imperii
686 662 765 705 nono
784 661 868 722 atque
885 645 939 703 tti-

252 721 359 779 cesimo
373 764 390 792 ,,
417 717 516 790 renim
539 718 680 804 Augustus
705 740 806 802 quarto
829 725 934 782 vicesi-

252 821 382 883 moque3
403 803 470 862 odo
495 799 594 872 solus,
615 801 830 864 cumfratribus
850 823 880 863 at
901 826 936 864 ue

251 882 424 966 Magnentio
453 881 604 955 sedecim,
636 885 800 964 quindecim
828 826 899 944 Caes

251 964 331 1024 Felix
347 964 428 1025 bellis
448 965 598 1036 civilibus,
618 968 739 1026 externis
759 965 934 1045 lacrymabi-

251 1047 308 1118 lis3
332 1049 419 1106 mirm
439 1045 540 1106 artifex
559 1049 589 1106 in
610 1041 717 1130 sagittis
727 1069 739 1116 3
760 1043 777 1104 *a
797 1048 862 1124 cibo
884 1051 934 1108 vi-

252 1149 348 1210 noque
366 1136 393 1188 &
411 1125 514 1188 somno
535 1125 655 1188 multtim
674 1147 853 1207 temperans,
877 1150 934 1209 pa-

251 1212 324 1270 tiens
352 1209 488 1280 laboris,
520 1207 658 1268 facundia:
683 1209 820 1290 cupidus,
845 1230 940 1290 quam·

252 1289 317 1351 etim
339 1285 443 1370 assequi
458 1289 589 1350 tarditate
610 1291 719 1374 ingenii
739 1312 797 1350 non
820 1288 933 1371 pollet,

251 1372 314 1432 aliis
341 1371 494 1431 invidebat.
524 1371 689 1451 Spadonurn
720 1373 933 1454 aulicorumque

250 1455 345 1514 amoti
363 1452 472 1514 deditus
492 1461 519 1512 &
536 1473 676 1524 uxorum,
697 1454 800 1534 quibus
819 1474 935 1514 conten·

252 1553 319 1608 tus,
344 1533 422 1595 nulld
445 1533 563 1594 libidine
589 1532 744 1595 transversi
762 1554 811 1594 aur
832 1534 935 1614 injustd

251 1619 438 1699 polluebamt.
459 1615 566 1682 Sedet
586 1616 771 1698 conjugibus,
789 1637 859 1696 quas
874 1617 936 1697 plu-

247 1700 338 1777 rimas
356 1697 471 1760 ,sortitus
491 1695 549 1770 est,
567 1697 703 1779 precipue
720 1695 873 1758 Eusebiam
892 1699 935 1758 di·

250 1779 338 1852 lexit,
357 1780 491 1840 decoram
510 1779 648 1860 quidem,
669 1777 766 1840 verrini
784 1799 833 1858 per
852 1780 934 1842 Ada-

250 1864 372 1921 mantias
393 1861 627 1942 &'Gorgonias,
649 1869 676 1920 δι
697 1861 753 1920 alia
772 1860 934 1940 importuna

250 1941 405 2002 ministeria
430 1960 579 2001 vexantem
606 1939 715 2000 famam
736 1943 790 2002 viri
809 1961 933 2018 contra,

251 2023 338 2107 quim
373 2023 486 2085 feminis
517 2019 733 2084 modestioribus
763 2043 827 2082 mos
859 2021 899 2082 est
920 2069 932 2097 ,

251 2129 372 2188 quarum
404 2103 475 2187 saepe
506 2123 642 2187 praecepta
674 2106 790 2164 maritos
822 2107 933 2182 juvant.

251 2190 386 2270 Namque
418 2207 448 2246 ut
473 2204 582 2246 caetetas
606 2187 768 2255 omittam,
794 2184 935 2267 Pompeia

249 2269 386 2339 Plotina,
403 2267 567 2328 incredibile
586 2265 660 2326 dislu
678 2265 738 2338 est,
757 2286 865 2347 quanto
882 2290 936 2330 au·

250 2353 321 2413 xetit
346 2352 467 2434 gloriam
488 2347 632 2428 Trajani3
658 2351 735 2426 cujus
761 2368 933 2428 procurato·

250 2454 294 2500 res
318 2432 382 2492 crim
405 2433 563 2513 provincias
594 2430 741 2490 calumniis
767 2430 935 2511 agitarent,

248 2511 321 2576 aded
349 2533 380 2574 ut
409 2533 479 2572 unus
508 2532 541 2570 ex
569 2513 602 2572 iis
634 2511 772 2572 diceretur
800 2510 933 2592 locuple-

249 2599 320 2658 tium
334 2615 419 2677 quem
442 2615 477 2652 ue
496 2595 536 2652 ita
554 2596 704 2653 convenire
718 2615 725 2650 t
743 2592 814 2668 Quae
825 2589 932 2656 habes?

247 2680 346 2748 alter,
371 2615 459 2738 Unde
483 2671 571 2734 habes
591 2683 602 2734 ἒ
626 2676 747 2743 tertius,
768 2673 847 2734 Pone
870 2697 934 2755 quae

250 2758 337 2820 habes
360 2781 369 2830 3
395 2758 444 2817 illa
473 2759 624 2838 conjugem
654 2757 786 2836 corripuit
809 2777 819 2824 3
847 2774 934 2836 atque

926 931 935 948 θ

251 2842 450 2922 increpitans,
471 2836 549 2920 qued
572 2837 663 2898 laudis
685 2835 738 2896 suae
763 2832 828 2895 eller
846 2838 933 2896 incu-

251 2921 363 2996 riosus,
382 2922 469 2986 talem
485 2918 629 3006 reddidit,
647 2937 677 2978 ur
695 2914 790 2998 posted
807 2919 936 2978 examo-
