2142 3664
134 894 141 908 ·
223 865 364 926 Pertinaci

218 273 288 350 246
353 263 755 334 AunVrcron

218 381 337 442 validius
363 386 484 463 pressis,
507 379 558 442 ers
573 384 663 442 irnvit.
687 372 755 459 Quo
780 385 898 464 cognito

220 465 360 533 Senatus,
381 467 430 544 qui
455 463 494 522 ob
521 405 589 522 fellu
611 463 810 522 Jmuariorum
834 463 896 522 fre-

221 564 308 624 quens
328 563 421 622 primo
440 543 497 602 luci
514 562 703 614 convenerat,
729 543 813 602 simul
834 544 897 624 ple·
946 536 949 544 ’

221 627 270 684 bes
292 620 400 684 hostem
421 623 550 684 Deorum
570 643 653 704 atque
672 621 823 684 hominurn
843 645 897 703 ap-

222 703 384 786 pellavere,
407 703 616 786 radendumque
634 725 740 764 nomen
761 702 900 774 sanxire}

223 782 371 844 confestim
392 806 426 844 ue
451 783 585 858 Praefedio
601 786 675 846 Urbi
697 785 774 845 Aulo
792 785 899 846 Helvio

372 807 418 926 im
439 869 528 926 etium
547 864 677 924 defertur.

263 945 397 1006 XVIII.
450 950 476 1006 ic
496 946 629 1006 dodlriuae
649 949 743 1006 omnis
761 967 793 1004 ac
813 950 903 1008 mori-

224 1029 276 1087 bus
293 1029 516 1108 antiquissimis,
536 1025 692 1086 immodice
715 1047 813 1105 partus
835 1027 901 1088 Cu-

225 1110 281 1168 rios
297 1127 454 1188 aequsverat
464 1105 672 1247 Fabriciosque.
689 1107 765 1168 Eum
780 1108 883 1168 milites
895 1141 916 1178 ,-

225 1189 288 1270 quis
312 1185 444 1248 exhausto
471 1192 530 1268 jam
555 1209 603 1267 per
624 1191 719 1268 itoque
747 1189 816 1248 orbe
841 1187 907 1250 satis

225 1269 335 1330 videtur
353 1265 447 1337 nihil,
466 1266 618 1348 impulsore
634 1269 747 1338 Didio,
764 1267 840 1329 ferde
860 1275 907 1348 ju-

227 1349 359 1433 gulavere
382 1351 558 1442 ostogesimo
578 1353 690 1430 imperii
709 1349 763 1410 die.

267 1429 360 1490 XIX.
373 1431 413 1490 At
422 1429 525 1492 Didius
537 1429 646 1490 Salvius
659 1430 806 1500 Julianus,
820 1429 909 1492 frenis

227 1510 423 1580 Praetoriinis,
443 1533 515 1592 quos
532 1513 563 1570 in
582 1509 754 1570 societatem.
765 1513 909 1590 promissis

228 1589 517 1692 magnificentioribus
536 1591 713 1671 perpulerat,
734 1611 767 1652 ex
788 1590 910 1652 Ptaefec-

231 1772 320 1812 cessit.

230 1831 358 1915 praestans
376 1831 513 1903 scientia,
531 1835 634 1914 quippe
650 1853 700 1914 qur
716 1836 822 1913 primus
838 1831 914 1892 edic-

231 1931 313 1984 turn,
333 1913 411 1994 quod
431 1913 508 1974 varie
529 1914 728 1994 inconditdque
746 1912 762 1974 *a
782 1914 914 1974 Ptaetori-

231 1996 284 2054 bus
296 1995 499 2075 promebatur,
517 1996 548 2054 in
564 1994 693 2054 ordinem
709 1991 910 2074 composuerit.

232 2075 366 2157 Hincque
384 2073 448 2136 satis
465 2095 662 2156 compertum,
676 2072 839 2134 cohibendae
859 2095 914 2134 cu-

234 2155 352 2237 pidini,
378 2157 524 2239 ingenium
546 2157 577 2216 ni
600 2161 706 2235 juvet,
729 2154 915 2218 eruditionem

234 2237 406 2298 imbecillem
431 2233 492 2296 effe.
514 2234 591 2297 Crim
614 2255 763 2316 praeceptor
786 2245 815 2296 &
836 2233 917 2318 asper

237 2317 374 2398 quidem,
395 2316 494 2378 rectius
515 2316 648 2388 vivendi,
670 2320 700 2376 in
721 2317 829 2376 facinus
851 2338 917 2396 pro·

196 2432 198 2437 ·
237 2393 363 2467 cesserit,
386 2397 463 2478 quod
481 2419 558 2457 novo
580 2395 715 2477 supplicio
739 2397 919 2477 pleuendum

238 2477 372 2537 ediderat.
393 2479 493 2558 Neque
510 2497 606 2538 tamen
623 2480 717 2557 cupito
737 2481 840 2558 potitus
856 2479 930 2538 diu»

237 2558 371 2638 Namque
392 2579 478 2626 eum,
502 2561 621 2638 acceptis
641 2556 709 2618 ilico
729 2579 791 2639 quae
812 2559 920 2618 accide«

237 2659 322 2711 rant,
340 2639 490 2718 Septimius
509 2639 648 2708 Severus,
667 2641 717 2719 qui
738 2639 812 2698 forte
835 2639 920 2720 Syriae

238 2721 365 2804 legatus,
381 2721 411 2779 in
425 2722 554 2778 extremis
568 2722 645 2778 terris
659 2721 766 2780 bellum
782 2721 919 2801 gerebat,

238 2799 394 2884 Imperator
414 2821 543 2872 creatus,
560 2820 678 2886 pontem
694 2801 822 2884 proxime
841 2801 921 2862 Mul·

229 1692 292 1732 tura
309 1676 338 1733 ¹ui
361 1672 452 1744 ilum,
470 1668 508 1732 ad
520 1674 571 1732 in'
595 1675 642 1732 nia
661 1669 822 1732 dominaris
842 1693 912 1752 pro-

336 1694 433 1814 deunt
450 1755 476 1811 ei
493 1773 578 1832 perno
600 1753 657 1823 ile„
670 1751 791 1833 jurisque
809 1753 911 1836 urbsni
973 1807 977 1816 ,
1006 1751 1010 1756 ’
