2110 3666
292 363 688 436 Banvinaaun(
759 391 856 460 355.

144 481 232 564 cipsae,
250 487 325 567 regis
345 481 443 554 lilios,
470 485 577 546 bellum
601 487 739 547 indictum
764 487 825 548 est:

144 574 171 625 δι
190 585 224 623 εο
240 587 290 646 per
302 567 452 626 Metellum
473 566 617 627 consulem
638 572 755 639 asserito,
777 591 827 650 per

143 645 270 706 Marium
291 667 397 728 capto,
417 651 447 707 in
465 650 565 729 populi
584 649 709 709 Romani
726 650 825 731 potes-

142 745 231 787 tatem
260 728 397 789 Numidia
430 733 563 808 pervenit.
596 731 780 790 Mauritania
810 730 827 792 it

142 807 259 867 Boccho
289 831 354 892 rege
381 811 502 870 obtentae
529 811 600 870 sunt.
632 813 685 872 Sed
711 811 827 873 solinu&

143 893 226 950 omni
249 889 370 961 Africa,
393 892 512 952 Mauros
526 894 598 953 Juba
620 913 666 952 rex
687 894 825 965 tenebat3

164 974 193 1032 ui
212 974 241 1032 in
261 971 345 1032 causti
363 973 430 1032 belli
449 974 562 1045 civilis,
592 975 628 1032 ab
654 975 730 1034 Julio
753 975 823 1034 Cae-

142 993 203 1113 liare
223 1056 332 1125 vilius,
348 1074 470 1114 mortem
484 1056 538 1114 sibi
555 1053 667 1136 proprii
680 1057 826 1118 voluntate

143 1133 290 1195 conscivit.
315 1135 359 1196 Ita
376 1137 557 1196 Mauritaniae
576 1134 675 1195 nostrae
696 1135 748 1196 elle
767 1159 827 1196 coe·

142 1236 243 1298 petunt
258 1240 264 1274 :
280 1239 312 1275 ac
333 1237 516 1297 peromnem
537 1216 668 1277 Africam
688 1217 734 1278 sex
753 1239 834 1298 pto-‚

140 1300 240 1358 vinciae
255 1296 334 1357 faelae
348 1296 411 1358 sunt
424 1323 430 1356 :
441 1297 521 1378 ipsa,
536 1300 585 1358 ubi
599 1296 770 1382 Carthago,
786 1299 827 1360 est

142 1377 349 1458 proconsularis
362 1403 370 1449 3
384 1380 522 1441 Numidia
539 1377 693 1438 consularis
708 1377 826 1462 {Byza-

143 1461 219 1519 cium
238 1459 415 1530 consularis'3
432 1461 581 1540 Tripolis,
602 1469 629 1520 &
642 1461 824 1523 Mauritaniae

142 1539 228 1611 duae,
255 1538 311 1600 hoe
337 1540 376 1600 est
398 1540 539 1602 Sitifensis
564 1549 591 1601 &
616 1539 825 1616 Caesuriensis,

141 1619 206 1681 sunt
223 1621 389 1702 ptaesidales.
565 1683 566 1686 ,

182 1704 222 1762 V.
244 1702 379 1782 Hispanis
395 1706 519 1783 primum
539 1701 824 1777 auxiliumfadverstis

140 1781 228 1844 Afros
253 1805 302 1864 per
325 1785 470 1864 Scipiones
491 1783 615 1844 tulimus.
644 1783 824 1846 Rebellantes
885 1840 887 1843 .
934 1805 937 1814 ·

141 1863 293 1925 Lusitanos
312 1869 341 1926 in
358 1863 497 1946 Hispaniis
513 1886 562 1946 per
579 1865 734 1926 Decimum
751 1867 824 1926 Bru-

141 1965 202 2005 tum
216 1948 389 2008 obtinuimus
403 1970 412 2017 3
428 1956 455 2009 &
468 1944 555 2028 usque
568 1945 663 2007 Gades
677 1948 714 2007 ad
726 1947 824 2008 Ocea·

140 2045 211 2088 num
229 2047 307 2088 mare
325 2031 510 2110 pervenimus.
534 2025 633 2088 Postea
655 2028 692 2088 ad
709 2027 821 2108 Hispa-

141 2131 195 2170 nos
222 2112 422 2170 tumultuantes
447 2109 552 2169 Decius
584 2109 683 2168 Junius
710 2109 822 2170 Silanus

141 2211 207 2250 cum
228 2194 350 2252 exercitu
372 2189 491 2260 millus,
513 2212 561 2249 eos
581 2191 663 2248 vicite
679 2188 821 2250 Celtiberi

140 2272 170 2330 in
192 2271 332 2355 Hispani&
355 2271 424 2354 saepe
445 2271 612 2331 rebellavbre
634 2293 640 2327 :
663 2269 710 2332 led
739 2267 821 2330 millo

139 2355 251 2432 juniore
276 2355 436 2426 Africano,
463 2375 528 2413 cum
558 2351 668 2411 excidio
691 2352 822 2411 Numen·
870 2380 875 2395 ‹

141 2437 186 2494 tiae
212 2433 319 2496 subusti
343 2433 414 2495 sunt.
443 2435 553 2494 Omnes
577 2433 648 2514 pene
672 2431 820 2513 Hispaniae

139 2519 290 2576 occasione
313 2517 381 2576 belli
401 2517 579 2586 Sertoriani,
604 2535 652 2595 per
669 2515 820 2574 Metellum

140 2605 168 2657 δι
186 2597 352 2678 Pompeium
371 2597 553 2658 inditionem
571 2595 694 2656 nostram
714 2617 817 2675 accep-

140 2695 175 2738 tae
198 2702 204 2736 :
224 2677 317 2758 poste&
330 2727 342 2750 ,
367 2699 522 2762 prorogato
545 2682 574 2737 in
594 2679 820 2759 quinquennium

139 2760 282 2840 imperio,
303 2759 319 2821 *a
339 2761 477 2840 Pompeio
496 2760 658 2841 perdomitae
678 2757 749 2818 sunt.
773 2757 819 2817 Ad

140 2861 296 2902 extremum
320 2863 433 2924 quoque
458 2841 493 2901 ab
516 2842 678 2902 Oeiaviano
705 2835 821 2899 Caesnre

140 2922 268 3010 Augusto
292 2922 432 2986 Cantabri
461 2932 486 2984 δι
511 2921 651 2993 Astures,
681 2923 730 3003 qui
751 2917 821 3008 'freti
