2110 3666
294 333 644 388 tritona
737 338 802 408 3η

125 437 239 518 pissime
257 441 286 498 in
303 437 510 518 amphitheatro
527 439 710 499 dimicaverit.
729 437 806 497 Huic

124 519 236 580 Marcia
267 523 374 602 generis
400 520 555 589 libertini,
591 518 683 578 forma
710 539 807 578 tamen

124 599 315 680 meretriisque
333 603 435 660 artibus
450 602 576 676 pollens,
598 601 806 659 crimaninrum

124 686 183 759 ejus
200 681 310 759 peniuis
327 679 510 751 devinxisset,
538 678 642 763 egresso
664 679 679 738 ὲ
702 681 807 738 balneo

124 763 226 820 veneni
245 761 378 840 poculum
399 762 510 820 obtulit.
532 761 578 820 Ad
599 781 752 820 extremum
771 763 807 820 ab

124 838 249 901 immiss'o
276 841 451 901 validissImo
475 840 622 920 palastritd
643 844 808 920 compressis

124 921 255 981 faucibus
279 923 438 1002 expiravit,
467 943 544 982 anno
573 925 637 982 vitae
666 923 808 981 tricesimo

41 1001 43 1006 ’
125 1000 259 1061 secundo.

166 1081 279 1142 XVIII.
301 1082 419 1142 Helvius
436 1084 567 1143 Pertinax
585 1083 734 1163 imperavit
750 1082 808 1143 dies

126 1166 194 1222 odio
215 1157 274 1222 inta
290 1166 358 1244 quin
381 1185 423 1223 ue.
441 1164 494 1224 Iste
510 1168 622 1224 coaetus
639 1163 808 1246 repugnans-

127 1265 182 1325 que
195 1185 348 1324 Impetium
361 1186 537 1325 descipiens,
557 1247 612 1305 tale
631 1265 808 1326 cognomen-

127 1343 186 1384 tum
211 1324 324 1385 sortitus
346 1324 392 1386 est.
420 1327 542 1410 Origine
563 1347 639 1386 ortus
667 1324 806 1398 sordidi,

126 1405 320 1487 praeiesturatn
330 1407 419 1467 Urbis
437 1429 543 1490 agens,
565 1407 721 1486 Imperator
738 1403 808 1466 effe-

126 1490 187 1546 stus
202 1533 211 1558 ,
234 1486 335 1546 scelere
352 1487 458 1547 Iuliani
473 1489 568 1548 multis
580 1488 740 1548 vulneribus
753 1489 808 1546 ob-

127 1585 268 1627 truncatus
282 1566 342 1637 est,
357 1588 446 1626 annos
457 1587 537 1627 natus
548 1565 652 1646 septem
667 1586 751 1646 atque
764 1566 809 1625 se-

128 1649 254 1728 xaginta.
282 1647 375 1722 Hujus
397 1667 479 1726 caput
501 1646 560 1706 total
576 1647 657 1708 Urbe
682 1649 807 1705 circum-

129 1731 241 1786 vestum
256 1725 303 1786 est.
320 1727 386 1786 Hoc
400 1731 474 1786 exitu
487 1728 560 1786 obiit
572 1729 615 1786 vit
629 1725 664 1786 ad
679 1724 809 1788 humanae

130 1807 350 1868 conversationis
362 1809 519 1888 exemplum
531 1829 579 1889 pet
590 1807 694 1868 laboris
705 1829 809 1890 genera

87 1917 90 1921 ·
130 1887 256 1948 universa
276 1888 311 1948 ad
329 1887 453 1949 summos
474 1893 642 1970 provedlus,
667 1887 754 1970 usque
773 1887 808 1950 ed

129 1989 160 2028 ut
179 1969 308 2029 Fortunae
329 1991 473 2029 vocaretur
490 1972 555 2049 pila.
577 1971 655 2030 Nam
676 1973 808 2030 libertino

150 2053 240 2110 enitus
260 2070 338 2128 patre
355 2051 428 2129 apud
449 2053 566 2132 Ligures
585 2053 613 2110 in
633 2071 702 2132 agro
725 2049 811 2130 squa-

129 2071 190 2190 Iido
209 2131 297 2188 Lollii
314 2130 474 2200 Gentiani,
497 2136 574 2207 cujus
597 2132 627 2188 in
650 2127 811 2210 praefedlurd
882 2165 884 2170 ·

130 2231 245 2291 quoque
264 2211 394 2268 clientem
415 2208 443 2269 [e
461 2207 513 2266 effe
531 2210 715 2269 libentissime
738 2209 810 2269 fate-

131 2291 243 2359 batur,
278 2288 332 2348 fuit
362 2289 463 2358 doilor
491 2290 673 2359 litterarum,
706 2311 768 2370 quae
794 2289 811 2350 It

132 2371 335 2430 Grammaticis
368 2370 520 2430 traduntur.
563 2370 685 2428 Blandus
719 2373 812 2452 magis

132 2449 218 2531 quim
235 2449 398 2522 beneficus,
413 2450 486 2510 unde
506 2471 570 2510 eum
589 2450 691 2510 Graeco
709 2452 809 2510 nomi-

132 2551 167 2590 ne
184 2531 375 2610 xpvcoldpov
395 2531 575 2611 appellavlre.
592 2531 748 2612 Nunquam
766 2533 812 2591 in·

131 2609 204 2691 juriit
217 2609 332 2690 accepti
344 2610 380 2670 ad
394 2609 584 2671 ulciscendum
598 2612 705 2672 duduc.
722 2614 811 2672 Ama-

133 2693 183 2752 bat
200 2691 407 2770 simplicitatem
423 2713 433 2760 3
457 2711 637 2758 communem
654 2692 681 2752 se
703 2689 810 2763 affatu,

134 2773 267 2829 convivio
282 2816 293 2840 ,
306 2769 417 2830 'incessu
437 2771 583 2850 praebebat.
603 2773 679 2831 Huic
697 2791 811 2831 mortuo

133 2852 204 2914 Divi
223 2871 328 2912 nomen
347 2851 488 2912 decretum
511 2851 570 2925 est3
594 2852 634 2911 ob
655 2857 731 2929 cujus
751 2853 813 2913 lau·

610 2933 690 3012 Oiij
