2110 3666
221 595 728 710 PRAEFATJO.

137 735 290 854 Porum
309 791 449 852 Rourur
467 811 509 850 res
527 787 616 873 gestas
630 787 793 851 exhibemus
806 803 819 864 ,’

140 875 253 934 auctore
269 873 319 932 illo
331 871 482 932 delineatas
495 915 506 942 ,
521 872 566 931 cui
576 872 684 931 Valens
697 873 819 952 impeta-

141 972 185 1014 tor
194 951 264 1013 illud
274 953 577 1034 preceperat.Plerique
587 952 700 1012 Sextum
710 951 818 1013 Rufum

141 1053 260 1106 vocant,
272 1035 395 1116 equibus
404 1031 469 1094 Jose
490 1032 518 1092 h.
528 1033 718 1116 Scaligerum,
730 1031 817 1093 Isaac.

141 1114 347 1178 Casaubonurn
357 1125 385 1176 &
394 1056 499 1175 Ezeci.
509 1113 729 1193 Spanhemium‚
742 1117 818 1174 viros

115 1252 118 1258 .
139 1218 187 1256 rna
209 1218 283 1268 nos,
304 1193 458 1257 nominasse
479 1194 619 1255 sufficiat:
641 1195 690 1254 alii
709 1194 818 1256 Rufiun

140 1219 275 1349 Pessum,
295 1278 311 1337 ὲ
327 1277 428 1360 quibus
445 1275 534 1337 Henr.
554 1277 685 1337 Valesius
701 1278 731 1335 in
746 1297 817 1356 ptae·

139 1361 228 1439 cipuis
246 1357 308 1431 est,
329 1361 374 1420 cui
391 1358 466 1418 idern
483 1358 593 1418 videtur
607 1355 700 1416 Festus
716 1355 817 1430 fuisse,

140 1441 191 1522 qui
200 1441 343 1510 Zosimo,
359 1440 471 1511 Stude,
486 1439 617 1519 Eunapio
630 1439 669 1498 ob
683 1435 817 1500 sevitiam

139 1541 252 1582 notatus
273 1519 320 1582 est.
341 1521 433 1591 Sunt,
455 1522 506 1602 qui
524 1541 673 1601 utrumque
693 1540 816 1600 compo-

139 1622 231 1675 nant,
250 1602 365 1664 Sextum
378 1599 486 1661 Rufum
500 1599 611 1660 Festum
627 1601 816 1680 appellantes,

139 1683 170 1744 in
186 1705 244 1765 quo
258 1683 341 1744 duces
351 1683 480 1744 videmus
494 1704 553 1742 non
566 1680 658 1741 minsis
673 1682 760 1760 claros
773 1685 818 1742 vi-

140 1786 187 1826 ros
200 1775 227 1826 &
240 1783 365 1825 veterum
379 1765 514 1824 librorum
531 1761 695 1824 scrutatores
707 1759 817 1824 Thorn.

140 1845 305 1906 Reinesium
321 1855 349 1907 δι
366 1845 425 1906 Jac.
442 1842 662 1906 Gothofredum.
682 1841 818 1926 Quisquis

141 1925 218 1997 suit,
240 1929 282 1988 vir
299 1925 421 1986 eruditus
440 1925 513 1998 fuit,
533 1934 561 1987 &
578 1923 754 1986 historiarum
769 1947 819 2006 pe-

143 2011 231 2079 ritus,
250 2009 296 2068 vel
312 2005 379 2068 ideo
398 2007 639 2068 commendandus
657 2009 819 2087 juventuti,

141 2087 220 2169 quod
232 2090 429 2150 Rornanorum
448 2109 489 2149 res
508 2086 671 2157 universas,
690 2079 817 2148 irretortis

142 2177 170 2230 &
185 2171 269 2250 partis
283 2172 433 2251 provinciis
448 2167 626 2240 distributas,
647 2168 726 2228 brevi
742 2166 820 2228 sum·

142 2249 190 2310 mi
210 2255 325 2332 exponit
345 2271 429 2334 atque
450 2251 587 2333 designat.
610 2248 743 2330 AEqualis
765 2248 819 2308 fuit

141 2332 303 2414 Eutropio,
325 2353 410 2414 quem
429 2334 483 2393 sibi
503 2333 640 2392 comitem
662 2349 746 2411 atque
766 2328 818 2391 so-

141 2416 216 2474 cium
230 2411 371 2494 postulat:
386 2423 414 2474 δι
429 2412 544 2495 quidem
560 2411 599 2472 itit
613 2410 641 2472 se
654 2409 755 2472 mutuo
772 2410 820 2471 de-

141 2494 247 2555 clarant
261 2492 292 2554 hi
305 2496 363 2555 duo
375 2498 502 2555 auciotes
514 2515 543 2555 at
564 2515 599 2554 ue
612 2494 772 2574 explicant,
788 2511 820 2553 ut

138 2595 234 2636 neuter
255 2575 321 2636 satis
338 2574 467 2636 distincte
488 2515 608 2658 inteiiigi
628 2594 740 2657 queat,
764 2575 819 2636 uisi

140 2657 251 2718 alterius
278 2654 418 2718 accesserit
439 2659 638 2739 interpretatio.
659 2654 750 2716 Rufus
773 2659 819 2714 ei-

140 2737 221 2809 dem,
232 2738 434 2820 cuiEutropius
442 2783 453 2810 ,
462 2739 627 2819 Imperatori
636 2735 759 2817 scripsit,
770 2734 820 2797 sed

141 2817 225 2897 paulo
244 2817 305 2900 post
322 2821 396 2882 illius
418 2819 525 2880 editum
539 2820 739 2889 Breviarium,
760 2839 818 2899 quo

140 2897 209 2982 sepe
225 2921 343 2962 numero
359 2899 417 2982 ipse
434 2899 498 2962 usus
516 2899 577 2972 est,
599 2903 640 2961 uti
656 2899 731 2960 idem
751 2899 820 2960 sca-
