2142 3664
98 316 114 348 N

262 309 327 361 uu
357 294 697 364 CAEsAatuus.
750 320 818 382 229
862 271 864 277 ¹

141 411 221 484 lant,
238 431 321 495 atque
340 415 376 474 ab
395 435 430 473 eo
448 414 612 476 mandatam
631 418 741 476 iuterim
760 419 819 495 pri-

141 493 251 576 uigno,
268 518 353 576 quem
370 493 455 576 paulo
473 497 537 556 aute
560 499 590 557 in
609 497 711 556 liberos
731 495 823 558 adsci-·

141 595 239 647 verat,
261 599 358 638 curam
377 577 556 658 Reipublicae.
745 629 762 640 r

181 658 220 716 V.
239 659 283 716 Eo
298 657 386 718 modo
400 659 433 717 L.
446 659 589 718 Domitius
603 661 690 736 [nam
704 658 733 722 id
748 659 820 724 certe

139 759 246 798 nomen
255 739 383 810 Neroni,
397 758 474 819 patre
482 741 633 808 Domitio,
646 741 714 816 erat]
730 741 822 820 lmpe-

140 838 218 879 rator
233 818 323 880 factus
341 818 389 878 est.
401 821 462 896 Qui
477 819 540 878 ctlm
557 819 643 902 longe
659 820 821 882 adolescens

142 899 321 960 dominatum
341 922 435 981 parem
458 903 536 960 annis
557 903 658 960 vitrico
677 899 819 984 gessisset,

141 983 366 1061 quinquennium
386 1001 480 1042 tamen
494 1001 586 1042 tantus
604 982 675 1052 fuit,
693 1004 728 1042 au
750 983 822 1042 endi

141 1063 222 1127 Urbe
236 1063 381 1133 maxime,
399 1066 440 1124 uti
454 1061 555 1124 merito
570 1062 709 1140 Trujanus
726 1003 822 1144 Paepius

143 1141 304 1216 testaretur,
319 1145 417 1224 procul
433 1143 542 1205 differte
556 1147 670 1204 cunclos
682 1144 822 1224 Principes

142 1224 265 1286 Neronis
285 1229 500 1308 quinquenni03
520 1248 577 1307 quo
596 1227 681 1286 etiam
699 1227 822 1286 Pontum

143 1308 174 1366 in
199 1311 241 1384 jus
271 1311 449 1387 provinciae,
477 1309 639 1368 Polemonis
662 1304 791 1388 permillu
809 1354 821 1377 ‚

143 1385 273 1470 redegit3
290 1395 365 1469 cujus
384 1389 472 1472 gratia
488 1390 703 1450 Polemoniacus
715 1389 822 1450 Pontus

142 1471 298 1550 appellatur
312 1493 322 1540 ;
340 1474 463 1550 itemque
477 1469 589 1530 Cottias
601 1470 703 1549 Alpes,
719 1470 821 1532 Cottio

142 1571 209 1632 tege
227 1571 348 1610 mortuo.
368 1553 465 1628 Quare
484 1549 549 1612 satis
568 1570 744 1628 compertum
765 1572 820 1610 ne-

165 1653 198 1690 ue
218 1653 309 1692 aevum
330 1632 534 1712 impedimento
551 1633 647 1691 virtuti
664 1628 736 1702 elle,
757 1653 827 1692 eam.
873 1671 877 1676 -

144 1653 229 1795 Pacilo
248 1715 353 1772 mutari
370 1757 379 1784 ,
398 1731 526 1792 corrupto
545 1733 592 1792 per
608 1713 750 1772 licentiam
771 1715 800 1772 in
809 1741 824 1760 ν

143 1795 251 1875 genio,
270 1790 454 1875 omissamque
470 1792 661 1854 adolescentiae
679 1797 767 1875 quasi¹
779 1794 822 1853 le-

143 1890 231 2014 gem,
250 1875 428 1955 perniciosius
445 1878 539 1955 repeti.
558 1875 692 1956 Namque
710 1897 745 1934 eo
765 1874 819 1934 de·
874 1877 877 1884 ’

164 1977 242 2016 ecote
270 1958 409 2038 reliquum
434 1959 498 2016 vitae
523 1958 609 2040 egit,
635 1959 677 2016 uti
701 1959 821 2040 pigeat,

142 2037 300 2120 pudeatque
329 2059 485 2098 memorare
518 2035 679 2117 hujusmodi
715 2059 820 2118 quem-

141 2140 252 2198 quam,
272 2119 376 2178 nedum
396 2123 532 2178 rectorem
556 2121 708 2200 gentium,
732 2116 820 2179 fuille.

142 2199 204 2280 Qui
226 2198 294 2260 dum
314 2198 430 2278 psallere
456 2220 503 2278 per
521 2219 608 2258 coetus
626 2243 635 2268 ,
655 2199 828 2262 Graecorum.
891 2204 894 2210 '

141 2281 258 2338 invento
278 2325 287 2350 ,
306 2282 338 2338 'in
366 2299 505 2340 certamen
530 2300 639 2338 cotonae
666 2277 820 2360 coepillet3

142 2357 178 2420 εὸ
196 2357 350 2443 progrellus
369 2358 408 2420 est
424 2407 436 2431 ,
459 2363 500 2421 uti
519 2381 609 2441 neque
630 2358 706 2432 suae,
728 2381 825 2442 neque·

140 2441 263 2502 aliorum
289 2442 427 2523 pudicitiae
450 2463 584 2522 parcens,
606 2440 643 2502 ad
663 2461 825 2505 extremum
854 2449 856 2452 ’

142 2525 261 2602 amictus
275 2526 446 2584 nubentium
467 2526 608 2606 virginum
630 2521 742 2603 specie,
762 2546 825 2606 pa-v

142 2601 201 2662 lam
212 2605 337 2676 Senatu,
352 2604 417 2664 dote
434 2604 519 2676 dati,
534 2607 639 2665 cunctis
656 2603 726 2664 festa
741 2625 825 2668 moro⁴

142 2686 367 2754 celebrantibus,
387 2688 416 2744 in
434 2707 548 2746 manum
570 2689 730 2746 conveniret
746 2687 821 2745 lecto

142 2787 176 2826 ex
195 2767 329 2826 omnibus
367 2766 525 2848 rodigiosis.
542 2767 630 2842 Quod
650 2765 716 2826 sane
735 2769 764 2830 in
786 2787 822 2826 eo

145 2847 157 2929 [
174 2868 319 2928 narrantur
342 2788 445 2908 iiclera
464 2849 612 2924 Neronis]
637 2848 723 2910 levius
744 2845 819 2911 xsti-
