2134 3668
248 305 779 374 180'AUR.V1CTOR

241 427 401 508 publicata.¹
414 425 565 486 Gentilitas
577 429 635 504 ejus
647 427 753 486 Manlii
764 445 927 507 cognomen

242 510 382 589 ejuravit,
406 529 441 568 ne
465 511 527 588 quis
550 505 645 587 postei
668 506 847 587 Capitolinus
872 530 927 568 vo-

245 607 363 652 caretur.
879 654 882 658 ,

283 667 405 728 XXV.
439 667 586 728 Fidenates
617 667 698 728 Fidei
729 668 927 729 Romanorum

245 747 360 819 hostes,
381 769 412 809 ut
432 752 492 810 sine
511 747 558 828 spe
578 753 665 808 venire
689 748 788 810 fortius
807 749 928 810 dimica-

244 825 326 910 rent,
346 832 457 914 legatos
477 829 512 888 ad
536 828 564 887 se
586 827 680 890 millos
703 829 926 900 interfecerunt3

244 909 281 970 ad
309 932 380 990 quos
439 913 558 972 uinciius
583 911 770 972 Cincinnatus
796 911 928 970 Distator

245 985 340 1055 missus
361 992 415 1052 Ma
426 989 529 1072 istrum
548 995 674 1072 equitum
698 990 795 1052 habuit
813 991 928 1052 Corne-

246 1073 317 1136 lium
344 1071 462 1135 Coum
486 1119 497 1142 ,
524 1074 573 1152 qui
598 1073 711 1132 Lartem
738 1072 926 1133 Tolumnium

248 1151 348 1214 ducem
371 1152 420 1212 sui
438 1173 524 1212 manu
543 1152 692 1214 interfecit.
712 1154 758 1214 De
780 1175 814 1212 eo
837 1153 928 1231 spolia

247 1237 350 1314 opima⁸
363 1235 428 1294 Jovi
447 1234 570 1292 Feretrio
592 1231 725 1294 secundus
745 1235 780 1294 ab
801 1233 927 1296 Romulo

250 1313 428 1374 consecravit.

290 1393 417 1454 XXVI.
439 1394 470 1453 P.
497 1395 602 1454 Decius
622 1395 689 1454 Mus
712 1395 787 1456 bello
808 1396 926 1456 Samni-

248 1478 306 1536 tico
339 1474 389 1536 sub
420 1475 537 1534 Valerio
568 1477 699 1536 Maximo
730 1486 757 1536 &
789 1475 928 1538 Cornelio

250 1553 339 1628 Collo
353 1555 524 1618 Consulibus
537 1556 681 1616 Tribunus
695 1559 837 1626 militum,
853 1578 929 1616 exer-

249 1641 308 1698 citu
320 1640 350 1698 in
367 1659 403 1698 an
426 1635 499 1697 ustiis
513 1637 603 1698 Gauri
616 1641 721 1698 montis
739 1637 846 1701 insidiis
860 1635 930 1698 hos-

250 1721 321 1778 tium
340 1660 455 1789 clario,
478 1738 612 1798 accepto,
626 1717 704 1798 quod
723 1717 926 1798 postulaverat,

269 1799 376 1858 raesidio
402 1845 412 1868 ,
441 1801 470 1858 in
494 1797 662 1878 superiorem
688 1800 781 1860 locum
809 1803 896 1860 evasit
918 1823 928 1870 3

249 1820 341 1952 liostes
367 1881 470 1938 terruit.
496 1878 558 1959 lpse
583 1879 747 1960 intempesta
772 1883 855 1940 nocie
881 1901 930 1959 per

249 1959 356 2018 medias
378 1957 514 2018 custodias
540 1957 642 2019 somno
662 1957 798 2040 opprellas
821 1963 929 2020 incoluss

251 2039 306 2099 inis
326 2042 419 2099 evasit.
436 2039 485 2098 Ob
503 2037 558 2099 hoc
574 2041 610 2099 ab
632 2045 751 2100 exercitu
772 2041 861 2101 civica
880 2063 930 2100 co-

252 2120 323 2180 roni
352 2119 415 2200 [de
441 2141 572 2202 quercu,
597 2143 658 2202 quae
686 2121 802 2182 dabatur
831 2125 857 2181 ei
881 2127 931 2202 qui

251 2205 326 2262 cives
346 2205 377 2264 in
394 2201 470 2261 bello
490 2199 642 2272 servillet3
660 2203 847 2273 obsidionali,
888 2225 930 2262 uae

251 2281 369 2343 dabatur
388 2286 414 2340 ei
436 2285 486 2364 qui
505 2283 652 2343 obsidione
672 2287 744 2344 cives
768 2225 928 2360 liberissilet]

251 2362 371 2422 donatus
390 2361 436 2421 est.
460 2361 569 2424 Consul
582 2365 658 2439 bello
676 2365 800 2433 Latino,
821 2365 932 2447 collegi

251 2442 364 2503 Manlio
387 2442 562 2524 Torquato,
587 2448 683 2523 positis
705 2445 779 2524 apud
799 2443 931 2506 Veserim

252 2525 368 2582 fluvium
382 2521 474 2582 castris
489 2570 499 2594 ‚
522 2522 586 2584 crim
599 2527 707 2605 utrique
719 2523 839 2586 Consuli
857 2523 933 2586 lorn-

250 2607 300 2664 nio
316 2600 488 2674 obvenillet,
507 2624 554 2662 eos
568 2609 688 2668 viCiores
707 2605 838 2677 futuros,
852 2628 929 2686 quo-

251 2705 314 2744 rum
336 2681 391 2744 dux
410 2686 440 2743 in
462 2686 555 2764 praelio
573 2683 719 2746 cecidisset.
734 2687 812 2746 Tum
827 2687 932 2747 collato

250 2786 314 2825 curn
342 2764 451 2848 collegi
478 2763 619 2838 somnio,
645 2765 709 2843 crim
738 2765 931 2838 convenillet‚

248 2865 278 2906 ut
300 2851 375 2927 cujus
395 2850 530 2908 cornuin
550 2851 609 2908 acie
632 2848 793 2920 laboraret,
815 2848 878 2910 Diis
901 2847 931 2908 se
