2110 3666
276 350 668 442 Brevrartrvrt.
745 355 807 440 365

131 487 219 540 tum,
244 467 330 530 missi
351 469 518 553 legatione,
537 468 693 529 amicitiam
715 466 815 548 populi

131 550 259 612 Romani
284 551 421 632 rogavit,
447 571 480 610 ac
500 551 611 610 meruit.
634 547 668 609 L.
684 547 817 612 Lucullus

132 628 357 701 Mithridatem,
382 650 471 714 regno
498 631 584 691 Ponti
608 649 749 702 exutum,
777 627 817 692 ad

129 712 300 774 Armeniam
323 708 479 792 persecutus
499 711 548 772 est.
572 709 718 794 Tigranen
734 756 744 782 ,
758 709 815 770 Ar·

133 794 294 854 meniorum
320 813 445 864 reem,
470 813 535 852 cum
557 787 664 872 septem
690 791 817 855 millibus

134 875 203 956 quin
224 875 295 933 entis
319 813 499 946 clibanariis,
523 882 550 935 δι
575 891 699 932 centum«
713 873 818 955 viginti

134 895 260 1017 millibus
281 951 310 1014 su
334 954 521 1023 ‘trariorum,
547 951 605 1033 ipse
630 973 695 1013 curn
717 953 816 1015 decem
871 1011 872 1016 ,

133 1043 161 1098 &
177 1037 245 1094 osto
262 1035 313 1094 mil
325 1035 387 1095 ibus
401 1033 597 1094 Romanorum
611 1035 689 1096 vicit.
705 1032 816 1118 Tigra·

133 1134 275 1188 nocerta,
305 1117 461 1175 maximam
482 1114 624 1176 Armenia
647 1115 816 1188 civitatem,

47 1261 52 1270 ,
133 1197 314 1280 expugnavit.
332 1196 488 1256 Madenaur
500 1239 509 1266 ,
523 1198 652 1277 opimam
664 1196 817 1256 Armenio·

7 1265 8 1298 ³
133 1295 196 1338 turn
223 1281 391 1361 regionem,
413 1277 537 1338 obtinuit
557 1301 563 1335 r
583 1297 632 1358 per
647 1277 818 1340 Melitenam

134 1357 170 1418 ad
183 1357 426 1438 Mesopotamiam
437 1355 579 1420 deseendit
594 1380 601 1416 t
618 1357 734 1420 Nisibin
751 1377 836 1422 eum·

135 1437 219 1500 fratre
237 1440 310 1521 regis
328 1440 408 1519 cepit.
424 1435 555 1500 Tendere
573 1440 604 1500 in
623 1436 718 1502 Persas
734 1460 817 1523 pata·

135 1536 199 1591 tus,
219 1515 398 1582 successorem
422 1517 551 1600 suscepit.

115 1610 122 1621 '
174 1599 258 1663 XVI.
280 1601 338 1664 Cn.
353 1601 503 1680 Pompeius
518 1617 635 1680 expertae
653 1597 816 1676 felicitatis,

134 1679 172 1746 ad
187 1679 416 1757 Mithridaticum
435 1679 541 1740 bellum
561 1677 677 1752 missus,
698 1679 818 1742 Mithri,

135 1762 220 1823 daten
240 1765 270 1822 in
280 1760 416 1824 Armenii
430 1763 541 1820 minore
555 1763 643 1822 nediu
659 1757 815 1846 adgressus,

23 1911 27 1916 v
135 1844 231 1937 praelio
248 1841 387 1924 superavit
404 1865 411 1899 ε
430 1843 505 1904 casis
524 1841 634 1902 duobus
649 1851 676 1902 δι
695 1842 819 1924 quadra·

134 1943 217 2066 ἕλητε
230 1925 355 1986 millibus
369 1921 513 1994 hostium,
530 1919 616 2004 casira
631 1927 690 2002 ejus
704 1925 815 1989 invasit.

172 2001 316 2066 itbridates
340 2007 416 2065 enirn
444 2023 509 2064 cum
536 2023 622 2064 uxore
650 2013 678 2065 dt
706 2005 817 2068 duobus

136 2086 288 2148 comitibus
307 2088 337 2146 in
360 2083 508 2165 Bosporon
526 2082 602 2167 fugit
619 2107 628 2142 r
647 2084 689 2144 ibi
713 2084 817 2166 despe·

134 2166 246 2226 tatione
264 2187 354 2226 rerum
375 2164 514 2238 suarum,
535 2183 675 2226 venenum
694 2162 818 2241 hausit,

135 2253 164 2308 dr
178 2244 243 2308 crim
260 2245 358 2326 partlm
381 2265 476 2330 ageret
487 2247 530 2306 vis
553 2245 678 2317 veneni,
697 2242 818 2308 imilite

135 2324 219 2399 suo,
243 2346 280 2395 ,ut
308 2326 383 2389 ferro
412 2344 620 2408 percuteretur,
647 2327 817 2407 impetravit.

135 2397 288 2488 Pompeius
302 2408 500 2469 auxiliatorem
518 2404 695 2468 Mithridatis
710 2406 819 2492 Tigra·

134 2507 228 2559 nen,
261 2487 464 2550 Armeniorum
498 2507 624 2571 regem,
660 2486 819 2568 persecutus

135 2565 175 2630 est
190 2591 197 2627 =
213 2568 261 2628 ille
283 2565 311 2630 se
333 2572 384 2641 ei,
410 2571 510 2631 oblato
535 2567 720 2642 diademate,
742 2569 818 2650 apud

134 2649 272 2712 Artaxata
291 2649 408 2710 dedidit.
425 2651 554 2732 Recepta
569 2648 633 2712 sunt
648 2651 684 2711 ab
702 2671 737 2711 eo
750 2651 819 2712 Me·

135 2726 296 2809 sopotamia
306 2774 319 2800 ,
332 2731 418 2812 Syri:
430 2776 441 2803 ,
454 2740 482 2793 δι
495 2733 639 2826 aliquanta
654 2751 717 2813 pars
730 2729 818 2792 Phe·

135 2811 234 2883 nices3
256 2828 339 2906 atque
358 2813 430 2872 intra
440 2812 606 2876 Armeniam
624 2817 761 2893 maiorem
777 2833 818 2874 re·

136 2907 230 2989 gnare
241 2888 385 2974 permrll'us
406 2888 454 2954 est.
471 2891 553 2956 Idem
569 2893 722 3050 ¹²⁰3Pii¹²⁸
738 2891 814 2956 lios·-

662 2993 693 3054 ιι]
