2110 3666
259 317 326 368 na
362 287 687 374 'camisos
740 306 810 390 287

130 411 329 476 Constantium
348 413 533 500 transgressu,
552 410 675 497 pedestre
695 414 731 475 ad
750 436 814 475 ma·

153 493 274 555 isterium
292 495 509 559 'adolescentior
536 515 682 557 meruerat.
707 496 733 556 E
755 518 813 578 quo

133 517 201 636 dum
228 576 311 638 altius
338 599 385 659 per
412 598 544 652 metum,
567 577 614 638 seu
640 577 814 637 dementiam

134 655 355 731 conscendisset,
368 661 532 743 legionum,
551 657 567 718 a
580 657 641 740 quis
655 659 813 740 praesidium

134 736 317 819 speraverat,
345 742 486 812 tumultu,
515 743 646 800 odlavum
676 741 749 799 circa
780 761 813 800 ac

132 821 300 880 vicesimum
316 821 391 882 diem
408 821 558 881 trucidatus
576 819 624 880 est.
648 819 714 896 Qud
732 819 815 882 causa

134 922 170 961 ne
200 902 270 982 quid
298 903 373 983 apud
407 901 507 964 Gallos
537 899 636 962 naturas
664 903 816 982 praecipites

133 1001 309 1054 novaretur,
333 982 483 1065 pracsertim
508 983 660 1046 Germanis
686 983 816 1064 pleraque

135 1083 232 1123 earum
259 1067 380 1146 partium
412 1065 639 1146 populantibus,
671 1063 816 1124 lulianum

136 1143 278 1204 caesnem
302 1190 312 1217 ,
342 1148 512 1230 cognatione
543 1163 688 1225 acceptum
723 1145 777 1203 sibi
802 1190 814 1214 ,

136 1221 329 1307 Transalpinis
350 1226 475 1308 praesecit
493 1251 500 1285 ι
520 1223 547 1286 is
564 1227 745 1286 uenationes
768 1223 817 1284 se·

137 1325 182 1365 tas
197 1307 274 1367 brevi
291 1305 424 1392 subegit,
439 1310 525 1388 captis
543 1249 660 1367 saniosis
678 1305 815 1388 Regibus.

138 1385 211 1462 Quae
233 1409 407 1470 quamquam
430 1391 461 1448 vi
487 1393 567 1468 ejus,
592 1385 704 1447 fortund
731 1387 816 1446 Prin-

113 1545 114 1548 *
138 1470 164 1527 ci
184 1469 207 1528 is
237 1487 332 1529 tamen
364 1479 391 1530 &
419 1471 537 1528 consilio
564 1468 697 1528 accidere.
730 1467 818 1544 Quod

139 1489 212 1608 aded
233 1547 367 1628 praestat,
394 1568 424 1607 ut
450 1549 610 1618 Tiberius,
634 1546 819 1628 Galeriusque

141 1627 258 1706 subjecti
276 1631 338 1688 aliis
355 1631 468 1723 egregia
484 1629 635 1726 pleratpue,
652 1625 702 1720 suo
724 1646 818 1688 autem

8 1723 9 1742 ¹
101 1736 105 1742 ¹
142 1708 229 1768 ductu
251 1728 335 1790 atque
355 1707 478 1788 ausp1cto
500 1729 592 1768 mmus
612 1729 691 1788 parta
713 1710 820 1788 experti

142 1786 214 1850 sunt.
234 1789 274 1849 At
293 1789 381 1850 Julius
395 1787 579 1851 Constantius
596 1811 685 1849 annos
703 1806 756 1849 tres
776 1809 819 1848 at-

163 1891 197 1929 ue
220 1872 322 1954 viginti
347 1869 505 1954 Augustum
527 1872 677 1950 imperium
698 1890 818 1954 tegens,

142 1891 211 2012 dum
236 1953 355 2013 externis
385 1953 509 2012 motibus
522 1983 539 2023 =,
573 1949 662 2010 modo
691 1951 821 2012 civilibus

142 2052 301 2105 exercetur,
321 2033 394 2115 agre
414 2034 450 2094 ab
470 2036 556 2094 armis
574 2031 657 2092 abest.
678 2031 750 2106 Quis
769 2051 818 2124 ty·

128 2115 259 2174 ·tannide
272 2133 413 2173 tantorum
435 2111 567 2193 depulslr,
586 2110 761 2191 sustentoque
779 2132 821 2171 rn-

144 2198 226 2254 tetim
248 2193 393 2254 Persarum
418 2196 548 2273 impetu,
573 2194 652 2333 genti
675 2192 820 2252 Sarmata-

143 2297 228 2344 rum,
247 2295 354 2358 magno
374 2275 472 2333 decore
493 2275 571 2332 consi
592 2293 639 2331 ens
659 2271 732 2352 apud
750 2292 821 2344 eos,

117 2359 119 2363 ’
145 2355 255 2440 Regem
271 2355 356 2416 dedit.
376 2354 464 2431 Quod
480 2353 593 2416 Cneum
611 2353 778 2433 Pompeium
792 2355 821 2414 in

146 2435 271 2519 Tigrane
291 2433 450 2507 restituisse,
470 2437 572 2516 vixque
600 2455 703 2515 paucos
725 2439 819 2513 majo-

144 2528 208 2580 rum
238 2515 329 2578 fecisse
359 2517 555 2596 comperimus.
585 2515 735 2587 Placidus,
760 2515 820 2574 cle-

146 2595 281 2678 mensque
303 2620 353 2678 pro
375 2601 514 2680 negotio,
537 2597 689 2656 litterarum
710 2596 745 2654 ad
765 2597 823 2655 ele-

169 2681 275 2738 antiam
301 2679 450 2760 prudens3
480 2697 562 2758 atque
589 2677 691 2737 orandi
722 2697 824 2757 genere

148 2699 205 2818 seni
227 2761 405 2841 jucundoque
416 2781 425 2830 3
447 2758 550 2817 laboris
569 2759 694 2836 patiens,
712 2778 744 2814 ac
763 2753 824 2816 des·

148 2839 258 2902 tinandi
277 2839 392 2925 sagittas
413 2839 484 2900 mire
504 2858 672 2921 promptus3
693 2837 749 2896 cibi
762 2857 826 2896 orn·
