2060 3662
285 323 581 397 LGnuIV.
729 328 816 426 453

94 439 223 510 Consule
239 440 376 504 Cornelio
396 444 443 505 Sti
463 445 529 503 ione
551 444 661 527 ingenti
681 447 778 524 prelio

94 521 173 583 fusus
187 521 233 584 est.
248 523 364 584 Auxilio
378 523 433 586 fuit
443 465 581 586 liomanis
594 528 623 585 in
637 523 670 585 οὲ
682 525 778 609 pugni

93 603 258 676 Eumenes,
279 606 368 666 Attali
385 606 458 689 regis
477 605 582 676 frater,
605 609 654 687 qui
671 607 779 666 Eume·

94 686 175 762 niam
198 689 228 745 in
253 683 377 768 Phrygia
400 685 535 747 condidit.
560 687 779 770 Quinquaginta

96 766 188 825 millia
203 766 350 848 peditum,
368 769 419 827 tria
437 789 451 825 e
473 769 563 827 uitum
577 789 611 826 eo
629 771 780 828 certamino

96 866 131 904 ex
152 866 229 926 parte
249 850 322 930 regis
341 847 433 908 occisa
452 789 523 914 lbnt.
545 848 623 907 Tum
643 869 690 907 rex
712 849 778 910 An*-

97 925 210 988 tiocbus
230 949 328 1008 pacem
349 930 451 1007 petiit3
474 949 534 1009 quat
553 927 653 988 iisdem
673 930 777 990 condia

97 1009 225 1067 tionibus
256 1008 321 1067 data
348 1006 386 1067 est
416 1012 433 1068 ὲ
458 1009 586 1079 Senatu,
616 1031 690 1092 quan
713 1033 779 1072 uam

97 1091 203 1160 vibio,
233 1089 334 1170 quibus
360 1091 426 1149 ante
449 1085 619 1150 offerebatur
642 1115 649 1149 :
682 1033 722 1150 dt
746 1117 782 1152 en

97 1169 211 1244 Europd
242 1169 269 1231 {t
300 1170 377 1231 Asici
407 1175 568 1241 recederet,
600 1189 678 1248 atque
704 1173 781 1233 intra

106 1251 225 1310 Taurum
233 1250 265 1330 se
282 1254 452 1322 contineret,
475 1257 562 1312 decem
578 1254 670 1312 millia
688 1255 786 1313 calena

101 1347 208 1402 torum,
227 1330 373 1412 &uiginti
382 1333 488 1393 obsides
501 1333 630 1408 praebtret
639 1379 648 1405 ,
666 1334 782 1394 Hanni-

100 1411 187 1474 balem
214 1415 403 1474 concitatorem
425 1415 491 1473 belli
519 1417 631 1475 dederet.
656 1415 783 1475 Eumeni

98 1496 160 1576 regi
183 1494 294 1553 donatae
317 1493 381 1554 sunt
409 1492 425 1554 ‘a
453 1495 557 1556 Senatu
580 1515 680 1555 omnes
705 1497 781 1556 Asiae

99 1576 248 1644 civitates,
274 1597 342 1655 quas
365 1574 524 1636 Antiochus
547 1576 623 1635 bello
646 1576 778 1654 perdide-

98 1674 167 1714 tat:
189 1665 216 1716 &
237 1653 381 1725 Rhodiis,
409 1658 459 1738 qui
482 1658 617 1716 auxilium
641 1655 781 1718 Romanis

101 1755 200 1795 contra
217 1757 312 1818 regem
326 1735 501 1797 Antiochum
521 1738 663 1806 tulenant,
689 1739 783 1798 multat

101 1817 183 1884 urbes
212 1815 341 1878 toncellae
365 1815 436 1878 sunt.
461 1819 558 1898 Scipio
581 1819 705 1878 Romam
732 1841 779 1877 re-

101 1897 178 1969 diit,
200 1901 308 1982 ingenti
330 1897 422 1993 gloriis
444 1897 653 1979 triumphavit:
675 1921 782 1962 nomen

101 1987 129 2040 δι
143 1977 221 2058 ipse,
241 1983 278 2040 ad
295 1981 485 2039 imitationem
499 1979 611 2052 fratris,
633 1980 790 2064 Asiagenis·

101 2063 231 2140 accepit,
252 2063 342 2142 [quia
357 2061 454 2120 Asiam
474 2064 579 2121 vicerat
597 2085 604 2118 ε
623 2063 705 2120 sicuti
727 2061 785 2122 fra-

101 2161 143 2200 tes
174 2143 280 2221 ipsius,
312 2161 423 2222 propter
449 2141 577 2205 Africam
608 2139 782 2224 domitam,

102 2219 254 2283 Africanus
270 2223 469 2302 appellabatur.
485 2223 496 2297 ]
787 2267 792 2277 .

143 2303 183 2362 V.
205 2303 305 2382 Spurio
323 2301 468 2362 Postumio
489 2302 621 2371 Albino,
645 2301 683 2379 Q.
705 2304 786 2364 Mas*

103 2385 150 2443 cio
170 2381 302 2463 Philippo
323 2381 524 2458 Consulibus,
549 2383 593 2444 M.
616 2383 728 2446 fulvius
748 2387 783 2446 de

102 2464 212 2526 AEtolis
234 2462 425 2546 triumphavit.
447 2463 617 2540 Hannibal,
639 2467 689 2545 qui
706 2469 785 2527 violo

102 2542 278 2617 Antiocho,
307 2567 341 2605 ne
370 2546 509 2606 Romanis
536 2544 715 2618 traderetur,
746 2547 784 2608 ad

103 2628 256 2697 Prusiam,
278 2625 415 2706 Bithyniae
434 2647 461 2685 te
483 2647 553 2695 em,
581 2623 712 2707 fugerat,
735 2650 782 2687 re„

104 2709 207 2790 petitus
226 2708 311 2766 etiam
330 2708 366 2766 ab
386 2729 420 2766 eo
446 2649 484 2766 eli
505 2727 552 2787 pet
568 2704 667 2764 Titum
684 2708 783 2784 Quin-

106 2791 178 2854 tium
191 2788 382 2851 Flamininum
398 2811 405 2846 :
420 2797 470 2870 &2
490 2785 552 2857 etim
568 2786 716 2848 tradendus
736 2787 784 2848 es-

108 2869 150 2937 set
173 2869 335 2944 Romanis,
360 2889 499 2932 venenum
525 2867 623 2937 bibit,
655 2877 683 2929 δι
712 2869 787 2955 apud
