2060 3662
223 253 268 340 48
393 251 707 322 Euraorrr

224 391 305 430 ourru
328 389 433 442 aureo,
455 391 520 430 cum
542 369 651 430 duobus
675 368 760 439 liliis,
783 387 915 451 utroque

223 451 309 511 latere
329 450 489 512 astantibus.
514 452 602 512 Ducti
623 447 687 510 sunt
706 468 770 510 ante
792 473 911 511 currum

226 531 283 592 duo
306 534 380 616 regis
402 531 474 604 filii,
496 529 600 613 &ipse
622 530 753 602 Perseus,
775 533 910 613 quadra·
970 584 972 588 .

246 615 305 672 inta
316 615 439 694 quinque
459 635 549 672 annos
559 632 649 674 natus.
663 611 729 672 Post
737 633 804 672 eum
816 617 916 674 etiam·

225 633 265 756 il.
286 695 403 756 Anicius
422 695 457 755 de
469 695 572 775 Illyriis
589 690 774 774 triumphavit
797 717 804 751 r
825 693 911 754 Gen·

225 776 280 834 tius
302 773 517 835 cumfratre&
537 772 602 834 filiis
618 793 683 834 ante
703 795 812 835 currum
835 775 913 834 doc·

225 874 268 916 tus
295 855 342 914 est.
369 855 415 916 Ad
447 853 502 914 hoc
530 854 719 938 spectaculum
752 857 909 916 multarum

225 939 353 1020 gentium
382 958 463 1020 reges
490 937 616 998 Romam
643 957 778 996 venerunt
800 961 807 994 :
831 939 907 996 inter

225 1019 297 1078 alios
318 1021 406 1078 etiam
425 1019 502 1078 venit
522 1019 633 1078 Attalus
656 1037 739 1099 atque
762 1019 906 1078 Eumenes

227 1100 302 1161 Asia
313 1121 408 1182 reges,
418 1119 501 1180 atque
513 1100 620 1170 Prusias
630 1096 785 1179 Bithyniae3
796 1121 906 1182 magno
975 1155 978 1160 ,
1010 1141 1016 1174 ,ἦ

227 1177 335 1240 honore
353 1182 462 1260 accepti
484 1178 569 1251 sunt,
590 1190 636 1251 &,
659 1181 836 1260 permittente
858 1181 916 1240 Se-·
1009 1248 1012 1257 Ι

226 1281 316 1330 natu,
339 1261 434 1331 dona,
457 1283 519 1341 quae
542 1262 712 1331 attulerant,
730 1263 760 1320 in
780 1261 907 1342 Capito-

226 1343 266 1403 h'o
292 1339 450 1421 posuerunt.
473 1343 580 1402 Prusias
603 1345 689 1402 etiam
713 1340 804 1402 lilium
824 1363 906 1403 suum

225 1422 414 1483 Nico-medem
439 1423 554 1483 Senatui
576 1423 795 1483 commendavit.

238 1554 242 1564 .
266 1504 318 1564 lx.
333 1504 494 1584 Insequenti
505 1525 580 1564 anno
591 1506 693 1564 Lucius
703 1505 862 1564 Mummius
876 1507 906 1565 in

224 1584 364 1666 Hispaniis
386 1585 458 1647 bene
477 1587 622 1669 pugnavit.
642 1586 794 1647 Marcellus
810 1584 907 1666 postea

226 1665 339 1729 Consul
350 1689 390 1726 res
405 1667 511 1726 ibidem
522 1666 664 1746 prosperas
677 1668 771 1750 gessit.

242 1801 245 1807 .
266 1748 305 1807 X.
322 1747 452 1808 Tertium
472 1749 572 1808 deinde
591 1748 696 1807 bellum
714 1767 810 1808 contra
830 1748 908 1810 Car-

200 1826 373 1910 thaginem
399 1827 569 1908 suscipitur,
592 1851 647 1889 oc.
671 1839 698 1888 &
720 1830 807 1888 altero
827 1837 918 1890 anno'

227 1909 264 1968 ab
282 1909 361 1972 Urbe
384 1909 514 1980 condith,
538 1910 571 1968 L.
589 1910 703 1970 Manlio
725 1909 908 1983 Censorino,

227 1999 254 2051 δι
278 1991 379 2050 Marco
400 1991 523 2050 Manilio
542 1991 737 2062 Consulibus,
759 2013 834 2050 anno
848 2013 908 2054 ιι.

226 2069 374 2153 postquam
388 2068 538 2130 secundum
553 2072 692 2131 Punicum
706 2073 812 2132 bellum
823 2093 906 2132 tran-

227 2152 335 2214 sactum
365 2172 430 2212 erat.
459 2153 500 2212 Hi
529 2153 665 2232 profecti,
698 2151 807 2214 Cartha
829 2155 907 2214 inem
1001 2170 1004 2176 '

227 2253 466 2314 oppurtnaverunt.
481 2234 590 2295 Contra
602 2256 649 2293 eos
663 2175 837 2306 Hasdrubal,
850 2235 926 2296 dux.

229 2285 525 2396 Carthaginiensium,
539 2315 713 2375 dimicabat:
732 2317 836 2376 Famea
850 2316 908 2376 dux

227 2397 315 2466 alius,
329 2397 466 2476 equitatui
485 2415 597 2474 praerat
615 2394 908 2478 Carthaginiensium.

228 2477 324 2556 Scipio
336 2495 418 2547 tunc,
431 2476 570 2554 Scipionis
581 2476 711 2537 Africani
723 2499 832 2557 nepos,
843 2478 921 2537 Tri-v

229 2560 319 2617 bttnm
344 2556 385 2614 ibi
411 2557 553 2617 militabat
578 2581 584 2614 ε
609 2555 689 2636 hujus
711 2559 785 2638 apud
808 2581 909 2620 ornnes

230 2641 329 2721 ingens
353 2657 442 2697 metus
465 2647 492 2698 &
513 2641 665 2698 reverentia
689 2659 755 2706 erat.
779 2641 858 2700 Nam
881 2649 910 2700 Sc

229 2720 416 2800 paratissimus
439 2719 475 2778 ad
498 2719 716 2790 dimicandum,
736 2730 763 2781 &
790 2720 907 2780 consul-

228 2805 349 2866 tissimus
370 2797 532 2864 habebatur.
552 2800 652 2884 Itaque
669 2821 717 2884 per
738 2823 803 2862 eum
819 2803 913 2942 trpulrab

784 2904 834 2963 pro
849 2905 896 2964 per
