2110 3666
236 347 304 430 366
377 337 569 410 Saxa-r
607 339 756 408 Rurr
925 428 927 432 .

232 461 386 542 potonis&
401 456 521 519 Colchis
542 455 733 518 Aristarchum
749 477 845 540 regem
861 459 917 521 im.-

232 538 326 628 posuit
344 563 351 596 ι
368 561 432 598 cum
449 539 568 598 Albanis
592 541 718 597 conilirit
733 561 740 596 :
757 537 915 614 Orchodi,

232 621 411 681 Albanorum
428 623 513 702 regi,
536 637 580 678 ter
598 621 674 679 vitio
695 639 792 698 pacem
808 619 887 678 dedit
905 643 916 679 e

232 697 356 763 Iberiant
382 703 447 759 cum
468 703 573 760 Arroce
596 720 661 783 rege
685 702 715 759 in
740 699 917 761 deditionem

233 783 350 860 accepit.
378 783 576 842 Saracenos&
597 782 705 840 Arabas
721 783 798 840 vicit.
819 779 917 840 Judaea

235 861 318 941 'capta
334 861 566 942 Hierosolymam
582 863 714 920 obtinuit.
736 861 813 923 Cum
828 861 919 922 Persis

185 951 188 954 ’
236 943 328 1004 foedus
350 941 425 1002 fecit.
448 943 592 1013 Rediens,
612 941 686 1020 apud
706 940 918 1013 Antiochiam,

236 1022 441 1104 Daphnensem
456 1023 571 1094 lucum,
590 1023 739 1082 delestatus
758 1024 814 1082 loci
829 1045 920 1082 anroe·

235 1107 326 1166 nitate
345 1115 372 1164 δι
390 1125 525 1186 aquarum
542 1103 734 1176 abundantii,
757 1103 855 1164 addito
870 1125 942 1164 ne·-

237 1205 317 1246 more
338 1185 518 1245 consecravit.
980 1248 982 1252 ,
1005 1226 1012 1236 -

280 1267 378 1327 XVII.
398 1263 510 1328 Crassus
530 1265 628 1326 consul
649 1266 778 1326 adversus
798 1263 920 1330 Parthos

216 1348 406 1409 ‘rebellantes
438 1344 532 1406 misius
560 1345 608 1406 est.
638 1347 665 1408 is
690 1346 754 1406 crim
784 1368 919 1428 pacem,

236 1427 325 1488 missi
339 1428 355 1486 t
370 1426 480 1487 Parthis
492 1429 525 1509 le⁸
539 1431 653 1498 atione,
666 1447 828 1510 rogaretur,
843 1428 921 1507 apud

240 1504 459 1596 Ctesiphontem
487 1449 682 1588 reiponsurun
706 1507 734 1569 se
757 1510 806 1568 ait.
833 1509 922 1588 Apud

239 1587 374 1674 Zeugma.
400 1592 508 1670 trajecit
530 1588 689 1668 Euphraten
707 1613 716 1660 3
739 1598 766 1648 δι
787 1587 804 1647 ir
823 1609 920 1650 trans-

239 1671 312 1754 fuge
328 1671 453 1753 quodam
472 1671 590 1752 Abgaro
606 1670 757 1740 indutias,
779 1669 815 1727 ad
835 1671 924 1753 igno-

242 1772 486 1832 tam‘camporum
506 1749 685 1810 solitudinem
705 1748 856 1810 descendit.
876 1751 925 1812 Ibi

242 1833 366 1913 undique
401 1833 674 1890 circumvallantibus
709 1829 924 1914 sagittariorum

240 1915 403 1996 agminibus
422 1933 485 1970 cum
505 1913 605 1970 Sillace
623 1921 649 1970 δι
667 1912 772 1970 Surena
788 1912 927 1990 praefeelis

175 2049 176 2056 ,
241 1997 352 2078 regiis,
375 1990 414 2050 est
438 1995 544 2050 tinibus
567 1995 720 2063 exercitus,
743 2001 770 2052 δι
792 1994 821 2050 vi
843 1994 923 2051 telo·

243 2095 307 2138 rum
327 2077 450 2134 obtutus.
474 2069 536 2152 lpse
555 2069 666 2133 Cralsus
687 2072 751 2131 crim
772 2072 807 2132 ad
825 2073 923 2133 collo-

245 2161 343 2239 quium
369 2154 560 2223 sollicitatus‚
586 2156 665 2212 vivus
686 2155 756 2232 pene
782 2156 844 2232 capi
864 2175 923 2234 po·

245 2233 357 2306 ruisset,
372 2233 590 2317 repugnantibus
606 2234 760 2304 Tribunis,
775 2231 925 2294 evaserat:

245 2326 273 2378 δι
295 2317 364 2377 dum
389 2313 487 2398 fugam
513 2316 604 2393 petit,
627 2312 734 2373 occisus
754 2313 809 2374 est}
827 2313 927 2394 Caput

242 2401 306 2477 ejus
322 2417 386 2455 cum
400 2393 511 2454 dexteri
531 2415 617 2453 manu
631 2392 765 2453 telettum
780 2441 789 2466 ‚
813 2393 849 2454 ad
860 2395 924 2452 Re-

267 2497 312 2536 em
329 2476 464 2558 perlatum
484 2473 523 2534 est
539 2497 546 2532 ι
566 2495 648 2556 atque
667 2473 707 2534 it‘a
725 2474 847 2534 ludibrio
866 2472 925 2534 lta-

245 2497 363 2635 lirun,
384 2575 415 2615 ut
436 2553 562 2614 faucibus
580 2560 660 2632 ejus,
683 2575 781 2614 aurum
796 2554 926 2636 liquefa-

245 2642 325 2700 etum
343 2635 532 2696 infunderetur
547 2657 555 2693 ι
570 2633 674 2695 scilicet
689 2655 741 2707 ut,
761 2637 810 2718 qui
827 2634 928 2698 ardens

246 2717 401 2800 cupiditate
419 2715 578 2796 ptaetlandi,
593 2736 691 2796 patrm
708 2717 781 2800 Regi
794 2715 859 2774 dare
878 2735 928 2774 ro·
985 2743 994 2762 ·

246 2819 331 2883 gatus
355 2799 512 2874 abnuerat,
538 2801 623 2857 etiam
643 2797 750 2856 mortui
773 2801 831 2876 ejus
856 2795 926 2855 reli·

249 2881 330 2966 quius
348 2881 411 2942 atui
420 2881 536 2940 flamma
549 2877 733 2940 combureret.
751 2874 840 2942 Caius
853 2872 943 2940 Cars-¹
