2142 3664
254 297 324 349 ne
355 281 690 353 CAEsAnrrus.
744 293 810 373 267

133 403 231 466 reliani
245 424 293 484 per
306 403 412 462 litteras
427 403 584 484 presidium
600 407 813 487 imploraverat,

135 489 214 568 eique
240 485 432 555 adventanti,
462 485 596 565 produeti
625 487 662 548 ad
692 485 814 569 speciem

134 569 214 639 acie,
235 570 306 626 inter
325 587 450 648 pugnam
471 564 499 626 se
519 567 604 628 dedit.
627 570 693 640 lta,
715 571 757 630 uti
776 590 819 629 re·

136 649 305 710 ueterano
328 646 420 718 solet,
442 648 546 708 turbati
562 649 674 711 ordines
693 647 816 732 oppressi

135 729 206 792 sunt.
228 727 291 869 Ipse
311 726 374 808 post
398 727 503 788 celsum
525 731 633 791 biennii
651 731 766 814 Imperii
787 736 817 792 in

134 814 238 892 triump
260 832 309 870 um
323 809 440 882 dustus,
456 811 587 872 Lucaniae
601 812 818 886 Corresluram,

137 891 252 975 filioque
269 894 383 952 veniam
399 912 427 951 at
449 913 482 950 ue
498 889 636 957 honorem
649 895 819 955 Senatorum

138 977 290 1056 cooptavit,
313 973 360 1034 Ne
382 994 415 1032 ue
429 914 511 1033 lenis
530 974 602 1034 intra
621 976 732 1038 Urbem
754 997 820 1036 rno-

124 1065 208 1116 'nerae
226 1053 340 1136 opifices
356 995 462 1124 deleti,
484 1053 615 1136 quietim
635 1059 748 1117 austore
767 1057 820 1116 Fe-

112 1180 115 1185 ·
139 1138 273 1197 licissimo
289 1137 422 1198 rationali
435 1139 626 1198 nummariam
640 1157 739 1198 notam
754 1159 820 1198 cor-

139 1215 288 1290 rosiffent,
312 1239 400 1298 poenae
430 1235 507 1278 metu
532 1219 639 1279 bellurn
666 1218 821 1291 fecerant,

141 1297 227 1382 usque
246 1299 280 1360 ed
294 1320 402 1383 grave,
421 1320 452 1360 ut
475 1303 532 1379 per
543 1300 671 1362 Coelium
690 1321 821 1362 montem

141 1403 195 1442 con
217 1383 302 1452 ressi,
328 1379 434 1460 septem
457 1379 515 1440 ferd
539 1383 629 1442 millia
652 1383 821 1444 bellatorum
846 1419 849 1428 2

141 1401 320 1524 consecerint.
339 1463 395 1522 His
411 1481 453 1520 tot
470 1460 610 1544 tantisque
627 1461 755 1544 prospere
772 1484 823 1547 ge·

142 1541 211 1615 stis,
232 1543 332 1606 sanum
347 1541 447 1602 Romae
463 1541 524 1602 Soli
543 1542 728 1626 magnificum
748 1565 822 1605 con-

144 1623 254 1696 stituit,
277 1625 401 1684 donariis
422 1643 525 1682 ornans
545 1625 710 1703 opulentis,
732 1645 765 1684 ac
788 1645 824 1684 ne

144 1725 294 1786 unquam,
317 1723 441 1784 quaenper
461 1702 627 1764 Gallienum
647 1724 823 1776 evenerant,

145 1785 324 1855 acciderent,
346 1786 431 1844 muris
452 1784 562 1846 Urbem
578 1784 664 1867 quim
685 1786 826 1855 validissi-

145 1870 201 1928 mis
224 1868 329 1927 laxiore
349 1866 459 1927 ambitu
482 1865 616 1928 circumse
649 1869 695 1938 it3
721 1869 824 1928 simul·
894 1881 896 1885 “

146 1971 201 2030 que
220 1945 283 2008 usus
302 1951 421 2029 porcinae
441 1949 554 2020 carnis,
579 1971 637 2030 quo
661 1948 736 2030 plebi
759 1951 825 2009 Ro-

146 2051 237 2094 mane
250 2027 360 2090 affatim
374 2029 502 2100 eederet,
521 2031 668 2110 prudenter
682 2029 828 2089 munifice-

147 2133 202 2194 que
229 2109 416 2190 prospeeiavit
438 2132 448 2180 3
477 2109 628 2191 deletaeque
660 2108 766 2170 fiscales
800 2120 828 2170 δε

148 2193 395 2275 quadruplatorum
409 2235 417 2260 ‚
437 2211 498 2270 quae
510 2191 621 2254 Urbem
635 2187 829 2252 miserabiliter

148 2272 320 2342 affecerant,
340 2273 507 2341 calumnie,
525 2270 698 2351 consumptis
712 2274 773 2355 igni
787 2291 831 2333 ta-

149 2356 246 2426 bulis,
270 2349 517 2494 monumcntisgue
542 2350 707 2446 liujusmodi
734 2375 829 2437 nego-

150 2437 280 2506 tiorum3
303 2455 387 2516 atque
404 2433 441 2494 ad
488 2454 573 2494 raecrae
594 2455 704 2494 morem
723 2434 833 2496 decreti

152 2517 329 2586 abolitione,
344 2519 415 2576 inter
432 2535 493 2595 quae
509 2517 633 2576 avaritiae
652 2516 832 2595 peculatum,

153 2599 359 2678 provinciarum
386 2595 574 2676 praedatores,
599 2617 697 2656 contra
724 2619 834 2658 morem

153 2680 339 2748 militarium,
359 2697 479 2757 quorum
499 2676 650 2736 enumero
671 2697 750 2750 erat,
771 2681 831 2738 im-

153 2781 238 2820 mune
271 2777 387 2818 uantum
401 2756 594 2818 insectabatur.
609 2759 676 2836 Qui
689 2759 770 2820 causi
781 2761 833 2818 mi-

149 2839 232 2901 nistri
248 2782 368 2911 scelere,
388 2835 614 2918 cuisecretorum
631 2840 756 2902 officium
772 2861 835 2900 crr-

640 2921 745 2998 Μὴ·-
