2110 3666
308 333 660 431 ΕΡΙΜΜΕ.
726 347 814 450 ’ςος

138 479 238 533 metu?
260 471 384 534 Fratrem
405 497 519 557 quoque
541 475 743 536 Domitianum
764 497 819 556 pa-

137 575 245 614 rantem
268 556 406 628 insidias,
427 559 606 639 militumque
629 559 741 618 animos
762 556 821 618 sol·

136 637 322 707 licitantem,
354 641 421 698 flens
454 637 552 718 saepius
578 637 818 708 obtestatus'est,

135 739 171 778 ne
191 717 341 796 parricidio
359 717 463 800 allequi
485 739 617 799 cuperet,
636 719 714 801 quod
736 729 763 780 δι
789 718 819 780 se

137 799 252 863 volente
276 795 340 857 ellet
357 801 544 859 obventurum
566 804 609 871 ei,
634 809 660 860 &
682 806 741 879 jam
762 798 819 861 ha-

82 891 86 900 ’
137 880 238 951 beret,
261 879 325 938 crim
347 881 382 939 sit
402 883 536 961 particeps
555 880 704 960 potestatis.
727 882 820 960 Hujus

137 979 265 1040 tempore
285 980 368 1020 mous
389 959 528 1020 Vesuvius
547 965 577 1021 in
595 960 758 1041 Campani&
775 985 822 1022 ar-

138 1041 204 1102 dere
217 1043 302 1121 coepit
310 1065 319 1112 3
335 1041 553 1123 incendiumque
566 1043 665 1102 Romae
678 1045 737 1102 sine
750 1055 821 1102 noc'-

137 1121 223 1182 turn&
242 1124 336 1204 requie
355 1144 403 1202 per
425 1123 547 1183 triduum
568 1122 630 1183 fuit.
653 1125 726 1184 Lues
768 1147 821 1184 uo-

139 1225 210 1286 que,
226 1223 331 1286 quanta
341 1206 389 1264 vix
402 1225 528 1287 unquam
542 1202 644 1275 antei,
659 1203 721 1264 fuit.
740 1146 819 1282 {ui-

137 1285 190 1346 bus
209 1307 304 1345 tamen
327 1287 430 1358 malis,
451 1287 531 1346 nullo
556 1307 680 1358 vexato,
703 1286 821 1367 pecunii

137 1365 250 1448 proprisi
270 1366 417 1439 subvenit,
440 1370 546 1428 cundlis
567 1369 757 1428 remediorum
770 1389 821 1450 ge-

137 1449 271 1518 neribus,
291 1471 366 1509 nunc
388 1468 554 1531 aegrotantes
573 1471 620 1529 per
640 1447 820 1530 semetipsum

137 1528 289 1598 reficiens,
312 1553 386 1590 nurrc
410 1527 559 1588 consolans
579 1528 691 1590 suorum
714 1533 818 1589 mortiss

138 1611 190 1670 bus
226 1611 353 1670 afflid’tos.
388 1611 472 1668 Vixit
506 1632 595 1670 annos
632 1611 819 1693 quadraginta

139 1711 252 1762 unum,
277 1701 304 1752 δι
328 1692 357 1750 in
385 1690 507 1760 eodem,
535 1689 594 1770 qui)
620 1711 720 1768 pater,
745 1691 819 1772 apud

139 1771 261 1846 Sabinos
279 1793 348 1855 agro
376 1769 448 1831 febri
469 1773 585 1832 interiit.
607 1771 699 1852 Hujus
719 1793 818 1846 mors,

138 1853 217 1912 credi
244 1855 292 1913 vix
317 1851 433 1932 potest,
460 1873 597 1934 quantum
626 1853 715 1914 luctus
744 1855 820 1916 Urbi

138 1934 344 2016 provinciisque
366 1935 512 2005 intulerit,
533 1933 605 1994 adeb
626 1955 656 1996 ut
680 1955 748 1996 eum*
763 1936 825 1995 de-r

137 2015 452 2096 lic-iaspublicas,sicut
469 2016 611 2086 diximus,
630 2013 819 2098 appellantes,

137 2100 219 2178 ¹quasi
237 2117 370 2177 perpetuo
390 2096 502 2157 custode
526 2096 659 2158 orbatum
681 2119 818 2158 terrarum

137 2178 238 2238 orbem
259 2178 399 2238 deflerent.

136 2299 141 2314 .
180 2259 236 2319 XI.
258 2259 441 2318 Domitianus
465 2257 634 2338 Vespasiani
658 2267 685 2318 &
706 2259 817 2319 Domi-

138 2341 204 2400 tillae
229 2341 334 2400 libertae
361 2336 459 2410 lilius,
483 2361 631 2422 germanus
653 2339 736 2412 Titi,
757 2342 828 2400 im-·

137 2423 244 2502 peravit
268 2443 358 2482 annos
379 2419 550 2503 quindecim.
575 2421 625 2480 Ille
644 2418 736 2501 primd
756 2422 816 2480 cle-

138 2505 274 2563 mentium
284 2497 435 2572 simulans,
453 2523 542 2584 neque
554 2500 625 2562 adeb
638 2504 710 2562 iners
720 2502 817 2596 dopni,

139 2583 271 2664 belloque
290 2585 452 2644 tolerantior
469 2585 636 2654 videbatur,
656 2583 819 2665 idcircoque

138 2664 240 2737 Cattos
252 2661 465 2745 Germanosque
476 2665 596 2725 devicit:
608 2669 650 2744 jus
661 2665 818 2747 aequissimb

57 2749 60 2754 ’
139 2745 220 2804 dixit.
235 2746 333 2805 Romae
346 2746 433 2804 multa
445 2744 562 2822 aedificia
573 2747 618 2806 vel
629 2766 735 2826 coepta,
745 2743 819 2807 vela

139 2826 330 2886 fundamentis
348 2825 508 2887 colrstruxit.
519 2825 708 2888 Bibliothecas
721 2829 818 2886 incen-

140 2908 189 2972 dio
201 2907 397 2992 consumptas,
411 2909 503 2990 petitis
514 2907 637 2990 undique
648 2954 656 2980 ,
667 2905 818 2990 prasertim
