2110 3666
272 329 664 410 Buavraururr.
741 328 808 424 367'

126 457 203 528 tius,
228 454 345 538 quaestor
367 454 488 526 Crassi,
509 457 553 517 vir
572 453 716 526 strenuus,
737 457 808 516 reli-

126 541 209 620 quias
223 535 279 598 fusi
295 537 410 620 collegit
426 529 570 598 exercitiis.
590 531 700 598 Contra
714 533 810 598 Persas
897 604 901 610 ,

126 619 158 678 in
180 619 292 697 Syriam
305 613 524 696 'irmmpestes‚
547 635 589 676 ter
610 639 675 696 cum
697 613 814 678 summai-

126 697 366 758 administratione
383 701 527 770 conflixit,
541 697 645 779 eosque
663 718 737 760 trans
750 699 809 760 Eu·

125 775 245 860 phraten
261 783 377 859 tejet‘los
388 777 519 838 vastavit.
848 851 852 860 „

167 859 281 921 XVIII.
300 857 401 931 ,Parthi
415 859 542 919 Labieno
555 857 625 918 duce
639 903 648 931 ‚
660 859 710 940 qui
720 857 808 920 Pom·
826 912 829 924 «

146 942 289 999 eianatum
318 942 438 1020 partium
463 938 577 1009 fuerat,
600 947 628 999 δι
651 942 742 998 vitius
768 939 808 1002 ad

124 959 224 1080 lersas
249 1019 412 1102 refugerat,
439 1021 469 1080 iu
491 1021 602 1098 Syriam
624 1021 803 1100 irruperunt,

124 1122 159 1162 ac
189 1120 278 1160 totam
304 1103 478 1181 provinciam
505 1119 718 1182 occupaverunt.
748 1100 804 1164 Sed

124 1179 157 1241 P.
177 1181 327 1241 Ventidius
344 1177 437 1240 Ballus
454 1177 594 1252 Parthos,
616 1182 666 1261 qui
685 1179 803 1243 ducente

124 1259 253 1332 Labieno
275 1262 385 1342 Syriam
405 1259 584 1332 invaserant,
605 1283 751 1323 occurrens
772 1264 803 1328 in

123 1339 222 1402 Tauro
244 1363 363 1414 monte,
388 1363 453 1402 cum
495 1344 569 1401 aucis
589 1338 721 1424 fugavit,
743 1343 803 1404 La-

124 1423 239 1482 bienum
265 1423 371 1484 'occidit
391 1445 401 1493 3
425 1364 579 1502 petletutus
596 1420 741 1496 Parthos,
764 1423 801 1487 ad

123 1503 344 1582 internecionem
370 1501 495 1574 litavit3
526 1501 581 1602 oui
606 1507 801 1584 congressione

120 1582 259 1645 Pacorum
292 1588 364 1667 regis
382 1582 482 1660 'filium
513 1583 612 1643 eadem
646 1582 717 1656 die,
744 1585 802 1666 qud

122 1663 235 1726 Crass'us
248 1669 336 1726 vilius
350 1664 462 1735 fuerat,
481 1665 585 1724 occidit
599 1690 606 1722 :
621 1685 657 1724 ne
670 1665 801 1747 aliquan·

121 1745 160 1806 dd
182 1747 307 1806 Romani
329 1746 406 1806 ducis
428 1767 502 1804 mors
521 1747 609 1804 inulta
625 1746 798 1828 relinquere·

120 1844 174 1888 tut.
192 1827 344 1888 Ventidius
361 1825 396 1886 de
410 1825 501 1885 Persis
522 1828 625 1906 primus
641 1826 800 1907 triumplia-
891 1861 901 1875 .

119 1909 170 1967 vit.
192 1910 237 1969 M.
255 1911 395 1968 Antonius
408 1907 539 1967 Mediam
557 1903 712 1988 ingrell'us,
731 1931 797 1992 qua:

119 2009 194 2048 nunc
211 1990 337 2050 Medena
354 1989 535 2068 appellatur,
562 1990 667 2050 bellum
689 1989 798 2054 Parente

115 2070 233 2143 intulit,
247 2081 279 2138 ,δι
296 2073 393 2150 primis
409 2091 458 2128 eos
476 2068 573 2148 praeliis
594 2071 669 2130 vicit.
687 2071 803 2134 Venim.

118 2149 181 2231 post
201 2151 308 2212 duabus
328 2150 487 2233 legionibus
506 2152 636 2221 amissis,
661 2150 725 2210 stim
745 2150 794 2212 fa·

118 2251 187 2304 me,
209 2231 383 2312 pestssentia,
403 2228 667 2312 tempestatibusque
686 2253 796 2313 preme·

118 2331 214 2382 retur,
240 2317 287 2372 vix
309 2333 356 2392 per
371 2312 561 2382 Armeniam,
586 2309 695 2374 Parthis
715 2314 794 2374 inle-

118 2393 267 2472 quentibus
281 2439 291 2464 ,
311 2395 453 2452 revocavit
466 2394 639 2464 exercitum,
656 2387 736 2454 tanti>
749 2417 797 2475 per
843 2421 846 2425 ¹

117 2493 264 2533 momenta
284 2493 443 2554 tempotum
463 2492 566 2534 terrore
586 2473 744 2554 perculsus,
766 2495 798 2538 ut

72 2598 74 2602 .
117 2549 135 2611 i
151 2553 305 2636 gladiatore
324 2553 374 2614 suo
387 2557 494 2692 Rescuti
509 2553 680 2635 postularet,
700 2577 736 2617 ne
753 2559 796 2618 vi·

117 2652 167 2694 vus
180 2637 286 2694 veniret
303 2637 333 2694 in
348 2631 386 2693 ho
412 2637 471 2694 ium
485 2633 658 2716 potestatem.

155 2715 247 2774 XIX.
271 2715 329 2776 Sub
349 2716 512 2776 Octaviano
533 2713 646 2778 Caesare
664 2715 711 2776 Au
731 2715 793 2778 usto

114 2793 250 2856 Armenia
276 2816 341 2854 tum
366 2793 476 2856 Parthis
500 2795 678 2877 conspiravit.
704 2737 794 2859 gaius

114 2873 234 2950 cesar,
252 2897 341 2960 nepos
354 2875 495 2961 Augusti,
512 2899 577 2940 cum
593 2877 714 2940 exercitu
727 2875 795 2940 rnil-

552 2957 672 3038 *in
