2142 3664
232 289 302 355 230
375 264 497 336 Aua.
528 265 737 336 VicTon
968 362 975 370 ἱ

231 381 377 442 mendum.
395 382 508 463 Quippe
525 385 674 442 noxiorum
689 385 789 444 vindlis
803 381 916 455 modo,'

231 464 304 544 pelle
327 467 414 524 tebius
434 463 520 534 ferat,
544 467 653 545 utrique
678 463 754 524 sexui
777 467 914 548 genitalia

231 546 310 606 vultu
328 545 539 616 contrediabat3
557 549 669 604 exactor
681 547 792 625 parium
806 552 914 626 majore

224 628 350 708 flagitio.
377 627 472 706 Atque
493 627 565 685 inter
594 625 651 686 baec
679 645 798 687 matrem
826 629 914 688 etiam

233 703 462 766 contaminaville
490 708 580 788 plures
610 705 716 768 habent
739 755 749 778 ,
781 707 849 768 dum
880 729 915 770 ea

233 809 290 870 quo
312 809 346 847 ue.
368 787 536 848 dominandi
556 789 676 861 ardore,
697 787 796 849 scelere
813 788 914 870 quoliss

233 870 281 930 bet
292 810 395 949 subjici
407 868 498 928 ¹filium
513 873 596 951 cupit.
611 871 645 930 ld
661 891 736 954 ego,
751 893 915 953 quanquam

232 949 411 1032 scriptoribus
439 950 549 1011 diversa
577 950 784 1022 firmantibus,
815 973 916 1014 verum

233 1051 310 1114 puto.
330 1032 465 1115 Namque
485 1033 534 1097 ubi
553 1053 676 1093 mentem
697 1032 849 1093 invaserint
864 1035 914 1094 vi-

233 1116 297 1184 tia,
319 1135 498 1195 nequaquam
520 1115 692 1177 verecundiae
721 1135 837 1176 externae
863 1113 915 1174 so-

235 1198 334 1256 cietate
358 1193 507 1255 humanius
533 1196 613 1256 datur
635 1196 768 1276 peccandi
793 1193 916 1256 consue-

234 1277 327 1348 tudo,
344 1297 439 1348 nova,
458 1286 485 1336 &
501 1297 536 1336 eo
551 1275 695 1347 dulciora,
708 1273 860 1348 affedlans,
880 1278 919 1341 ad

235 1375 390 1417 extremum
408 1359 437 1416 in
454 1355 517 1417 suos
536 1377 629 1440 agens.
650 1358 738 1436 Quod
757 1355 800 1418 his
816 1359 916 1438 prodi-

235 1457 297 1498 tum
312 1441 421 1522 magis,
439 1438 507 1498 dum
514 1443 599 1580 quasi
612 1439 736 1520 quodam
753 1437 896 1523 progrell‘u
906 1489 918 1513 ,

236 1521 285 1579 illa
306 1541 354 1600 per
372 1520 472 1580 alteros
497 1543 512 1580 a
558 1523 649 1602 patrui
673 1523 810 1602 nuptias,
833 1541 863 1581 at
883 1543 919 1581 ue

236 1603 392 1662 alienorum
411 1602 578 1661 cruciatibus
595 1603 690 1663 mariti
707 1605 823 1662 exitium
840 1544 919 1674 3dtic

236 1684 372 1764 paulatim
391 1683 427 1743 ad
445 1683 617 1743 sacerdotem
632 1682 746 1756 Velle,
768 1683 869 1744 deinde
888 1687 919 1746 in

238 1763 288 1834 se,
307 1763 447 1844 posttemb
466 1785 580 1846 uterque
599 1766 629 1824 in
647 1763 690 1826 sui
708 1762 794 1825 scelus
812 1765 922 1846 proces-

238 1843 339 1906 serunt.
363 1846 465 1928 Neque
481 1846 682 1907 blandimentis
701 1847 802 1907 talibus
824 1865 921 1909 tamen

239 1924 395 1986 coalescere
412 1928 547 2006 potuere,
569 1925 617 1986 sed
639 1949 674 1988 eo
697 1947 815 2009 praeceps
834 1927 894 1988 dati
907 1976 920 2001 ,

239 2007 307 2067 dum
327 2007 493 2068 insidiantur
513 2010 658 2080 invicem,
680 2027 771 2069 mater
795 2008 922 2089 perversa

238 2091 352 2150 interiit.
365 2089 456 2184 Igitur
473 2087 537 2150 crim
555 2111 641 2150 omne
656 2097 721 2170 jus,
738 2088 836 2172 fasque
850 2112 921 2171 par·

238 2170 339 2230 ticidio
358 2167 499 2243 trivisset,
521 2193 554 2232 ac
579 2173 699 2255 magis,
724 2169 870 2256 magisque
892 2175 923 2236 in

240 2256 364 2332 optimos
391 2251 561 2324 saeviretur,
590 2253 769 2333 conjuravere
798 2254 887 2334 plures
911 2299 921 2324 ,

239 2333 318 2394 varii
328 2333 394 2394 sane
408 2353 464 2392 tem
486 2333 586 2404 estate,
603 2335 640 2394 ad
649 2334 825 2394 liberandam
838 2334 925 2394 Rem·

240 2416 393 2496 publicam.
413 2415 488 2492 Quis
506 2415 643 2495 proditis,
664 2415 793 2498 caesisque
813 2419 923 2478 imma·

240 2498 324 2568 nior,
336 2497 447 2559 Urbem
464 2497 616 2570 incendio,
631 2498 743 2577 plebem
756 2497 821 2557 fetis
834 2495 925 2580 vulgi>

242 2579 370 2649 emissis,
391 2577 525 2638 Senatum
551 2581 610 2660 pari
633 2599 724 2640 morte
747 2579 842 2638 tollere
869 2577 924 2637 de-

243 2677 388 2728 creverat,
405 2657 481 2720 novi*
501 2657 564 2720 sede
582 2681 671 2743 regno
693 2659 832 2743 quaesiti,
856 2677 928 2718 mas

243 2737 374 2822 ximdque
392 2741 526 2801 incitante
546 2742 641 2824 legato
658 2739 826 2802 Parthorum
846 2785 856 2811 ,
897 2743 928 2800 ui

245 2819 317 2882 forte
338 2824 412 2884 inter
432 2823 547 2905 epulas,
569 2823 690 2895 aulicis,
713 2826 755 2884 uti
780 2841 843 2882 mos
864 2763 928 2894 ed,
