2142 3664
247 301 318 350 210
390 275 513 346 Ana.
543 275 751 345 Vrcnon

247 399 347 455 cervix.
359 395 511 476 Appuleius
528 394 590 456 crim
610 397 640 456 in
656 395 774 456 Curiam
790 389 922 477 fugisset,

246 477 386 558 lapidibus
404 485 431 538 δι
449 478 550 560 tegulis
565 475 680 556 desuper
692 473 852 536 interfedlus
872 471 920 534 est.

244 557 343 638 Caput
366 563 423 636 ejus
445 557 576 617 Rabirius
596 557 713 638 quidam
736 557 854 617 Senator
875 573 923 638 per

246 640 377 698 convivia
396 639 426 696 in
442 636 594 697 ludibrium
613 637 789 698 circumtulit.

286 717 423 779 LXXIV.
444 719 547 779 Lucius
567 719 692 778 Licinius
712 717 844 778 Lucullus
869 739 925 778 no·

246 799 333 871 bilis,
358 797 521 860 disertus&
546 799 646 870 dives,
673 819 774 860 munus
799 796 923 879 quaesto-

245 883 319 939 tium
331 881 544 959 amplissimum
566 879 651 940 dedit.
669 880 744 940 Mox
762 899 810 960 per
824 879 924 940 Mure-

245 983 314 1020 nam
333 961 362 1020 in
375 958 445 1022 Asia
460 957 571 1020 claisem
588 957 784 1031 Mithridatis,
807 969 834 1020 &
849 960 922 1020 Pto-

246 1042 375 1101 lemaeutn
394 1062 491 1124 regem
510 1040 686 1101 Alexandriae
702 1039 825 1104 Consuli
842 1041 925 1104 Sullae

247 1123 417 1182 conciliavit.
433 1123 535 1182 Praetor
545 1119 672 1182 Africani
686 1119 833 1198 justissime
845 1125 925 1184 rexit.

246 1202 385 1263 Adversus
396 1200 593 1262 Mithridatem
606 1201 718 1262 Consul
731 1199 847 1272 missus,
864 1205 926 1262 col·

248 1283 341 1366 legam
365 1281 445 1342 suum
472 1282 591 1343 Cottam
617 1281 802 1344 Chalcedone
822 1281 923 1344 obses-

244 1362 310 1426 sum
329 1363 467 1422 liberavit.
489 1363 631 1444 Cyzicum
651 1363 800 1424 obsidione
819 1361 903 1424 solvit
913 1388 924 1437 3

248 1441 424 1504 Mithridatis
445 1447 540 1522 copias
563 1445 636 1504 ferro
657 1453 684 1506 δι
704 1443 781 1503 fame
802 1445 926 1518 afflixit,
1037 1468 1041 1478 ·

247 1545 367 1605 eumque
385 1545 473 1608 regno
489 1523 560 1596 suo,
579 1521 683 1597 idest,
701 1525 795 1585 Ponto
811 1526 925 1604 expulit.

247 1607 342 1682 Quem
358 1603 465 1666 rursdm
486 1629 550 1666 cunr
568 1607 607 1668 Ti
627 1627 692 1666 rane
707 1627 772 1690 rege
783 1607 926 1668 Armenia

247 1684 428 1748 subveniente
466 1686 571 1770 magni
607 1627 741 1748 ielicitate
778 1685 926 1767 superavit.

247 1767 363 1828 Nimius
384 1771 414 1828 in
436 1765 543 1828 habitu.
571 1769 702 1828 Maxime
726 1769 872 1851 signorum
898 1778 927 1830 dc

247 1849 405 1908 tabularum
422 1870 518 1908 amore
535 1849 672 1931 flagravit.
689 1847 755 1909 Post
770 1850 834 1912 ¹crint
851 1850 925 1910 alie-

247 1927 314 1988 nati
336 1948 430 1988 mente
458 1929 580 2008 desipere
610 1951 652 1988 coe
672 1932 720 2000 it,
752 1932 839 1992 tutela
868 1937 926 2012 ejus

247 2007 292 2069 M.
315 2009 433 2068 Lucullo
451 2008 529 2070 fratri
546 1951 673 2090 permiilii
690 2008 738 2073 est.

290 2090 427 2151 LXXV.
450 2090 599 2152 Cornelius
624 2091 724 2163 Sulla,
758 2094 788 2154 in
811 2091 926 2154 fortuni

247 2169 327 2233 Felix
342 2171 454 2244 didius,
475 2171 539 2232 edm
557 2173 687 2252 parvulus
705 2170 842 2233 {enutrite
862 2173 925 2233 fcr-

154 2261 157 2270 “
249 2272 342 2323 retur,
360 2255 460 2314 mulier
476 2254 583 2325 obvia,
600 2254 705 2322 Salve,
724 2255 838 2336 inquit,
858 2275 926 2334 puer

248 2334 301 2392 tibi
330 2342 357 2392 &
382 2333 553 2413 Reipublicae
578 2355 630 2394 tuae
658 2333 750 2404 felix3
779 2343 806 2396 δι
832 2333 927 2408 statim

248 2417 383 2494 quaesita,
402 2436 462 2494 quae
483 2411 541 2472 haec
560 2409 686 2484 dixiilet,
700 2435 759 2472 non
773 2416 866 2491 potuit
881 2418 928 2475 in·-

247 2497 345 2553 veniri.
368 2494 425 2552 Hic
446 2493 573 2568 Quaestor
592 2493 701 2564 Marii,
720 2491 889 2574 Iugurtham
910 2494 928 2556 *a

176 2569 181 2580 ‘
248 2571 362 2632 Boccho
381 2577 409 2633 in
423 2573 597 2634 dedicionem
612 2576 727 2654 accepit.
747 2574 826 2636 Bello
845 2574 928 2637 Cirn-

249 2653 327 2713 brico
347 2653 553 2714 &Teutonico
572 2654 704 2750 legatus,
727 2655 833 2716 bonam
852 2677 925 2734 ope·

248 2756 308 2795 tam
332 2739 454 2796 navavit.
475 2735 578 2796 Praerot
598 2755 670 2796 rntet
690 2739 768 2796 cives,
780 2742 824 2816 jus
846 2736 926 2798 dixit.

251 2817 354 2878 Praetor
374 2817 510 2879 Ciliciam
531 2820 705 2898 provinciam
721 2815 829 2878 habuit.
847 2817 927 2878 Bello
