2142 3664
273 345 338 397 or
370 329 709 399 Crrrrrnrrur.
764 351 827 418 223

150 465 213 521 tus,
232 471 293 532 quae
314 449 382 510 odio
405 467 484 508 erant
504 471 513 520 3
535 451 651 532 ingenio
674 447 710 509 acl
731 469 831 532 repen·

151 535 209 591 tina
225 531 311 616 longe
330 533 438 592 acriore
453 552 463 602 3
477 529 560 590 bonis
582 534 667 592 initiis
681 531 757 592 idem
770 553 834 612 per-

148 609 271 672 niciosus
282 658 294 682 ,
306 613 505 694 quaesitissimis
518 615 548 671 in
562 632 678 672 omnem
690 612 750 672 sere
760 633 832 674 aera-

147 710 205 753 tern
225 691 379 776 sexumque
399 692 585 764 libidinibus;
607 711 691 775 atque
711 693 833 756 atrocius

146 777 265 854 puniens
280 773 425 844 insontes,
441 771 506 834 suos
519 778 621 856 pariter
637 775 831 857 externosque.

146 853 251 916 Adhuc
271 853 340 914 dum
362 855 494 915 urbes&
516 874 669 915 conventus
693 854 829 935 [adhuc]

147 935 325 1006 exsecratur,
339 933 464 1016 Capreas
481 933 602 995 insulam
620 940 766 1018 quesierat
785 941 834 998 fla·

169 1019 225 1076 itiis
241 1017 378 1076 obtentui.
399 1016 496 1092 Quare
517 1015 615 1076 solutis
634 1018 742 1078 militiae
763 1022 833 1078 arti-

147 1037 201 1158 bus
216 1096 324 1178 direpta
361 1097 474 1178 leraque
495 1100 564 1177 juris
582 1097 728 1171 Romani,
744 1097 835 1158 nihil-

169 1199 203 1238 ue
219 1198 319 1259 prater
331 1119 539 1260 lappadocas,
560 1178 646 1262 idque
660 1182 731 1240 inter
746 1201 830 1240 eror-

147 1199 218 1329 lia,
236 1262 265 1320 irr
284 1257 430 1340 provincii
449 1257 616 1331 subacium,
634 1281 747 1321 remoto
765 1283 833 1346 rege

148 1338 310 1414 Archelao,
325 1333 534 1424 compressaque
555 1341 726 1402 Getulorum
743 1343 833 1404 latro-

149 1424 223 1482 cinia
233 1449 245 1492 3
267 1443 328 1504 quae
346 1419 530 1482 Tacfarinate
552 1421 622 1483 duce
663 1425 748 1486 assirn
767 1446 834 1506 pro·

147 1521 288 1584 ruperant.
315 1503 462 1565 Praetorias
484 1549 495 1572 ‚
517 1525 579 1584 quae
603 1444 730 1586 dilersae
758 1525 830 1586 pro-

147 1587 231 1645 ximis
251 1585 432 1665 municipiis,
447 1581 495 1642 seu
511 1584 612 1646 Romae
624 1630 633 1655 ,
646 1606 708 1666 quae
730 1607 764 1645 ue
783 1607 833 1666 per

150 1664 253 1724 domos
269 1663 466 1736 habebantur,
478 1667 508 1722 irr
525 1663 614 1724 castra
631 1665 703 1746 apud
753 1667 832 1728 rbem

151 1745 283 1830 redegit3
306 1767 362 1826 qua
379 1744 545 1804 tenebantur
564 1745 763 1807 Prasesturarn
783 1769 833 1829 ap-

149 1826 278 1908 pellans,
295 1827 341 1885 vel
360 1846 485 1910 augens,
505 1825 665 1898 Pratori03
683 1849 751 1888 nam
772 1851 830 1892 cae-

149 1925 221 1968 teros
241 1907 398 1971 Patitorum
418 1906 605 1992 Praesidesque
626 1907 767 1992 Augustus
787 1913 833 1974 irr-

150 1986 285 2050 stituerat.

188 2071 250 2131 III.
275 2071 365 2154 Igitur
381 2069 507 2132 Claudio
523 2071 642 2134 Tiberio
659 2071 720 2132 sato
734 2096 771 2135 an
786 2077 832 2135 in-

146 2152 226 2212 ·sidiis
248 2149 397 2233 oppresso,
421 2151 485 2212 crim
502 2155 653 2233 imperium
672 2172 726 2214 tres
748 2175 835 2236 atque

148 2235 275 2318 viginti,
294 2235 345 2292 aevi
362 2235 570 2316 octogesimum
586 2255 644 2292 uno
663 2235 755 2295 minus
775 2259 832 2296 an-

149 2335 201 2374 rros
216 2309 333 2398 egisset,
352 2311 441 2373 Caius
453 2311 550 2374 Caesar
564 2335 757 2396 cognomento
772 2317 834 2379 Ca-

148 2396 237 2479 ligula
259 2394 406 2454 arentibus
430 2397 535 2456 cunstis
556 2394 710 2479 deligitur,
734 2403 832 2478 majo·

148 2497 211 2536 rurn
226 2477 321 2560 gratiae
337 2475 522 2560 parentisque.
533 2477 668 2558 Namque
682 2497 729 2558 per
744 2476 834 2541 filiam

150 2577 271 2637 proavus
284 2555 440 2640 Augustus,
455 2579 557 2642 genere
570 2577 714 2631 materno,
726 2561 835 2644 Agrip-

150 2658 211 2719 pa3
231 2635 360 2708 Drusus,
384 2637 549 2700 Germanici
570 2659 673 2722 pater,
695 2641 710 2700 ὲ
730 2663 788 2723 quo
809 2646 834 2703 is

150 2718 324 2790 oriebatur,
347 2719 395 2777 avi
419 2739 507 2780 erant.
538 2721 670 2800 Quorum
698 2719 836 2784 modesti&

150 2818 235 2880 atque
253 2801 428 2871 immaturo,
452 2799 556 2884 absque
576 2803 751 2876 Octaviani,
766 2806 837 2863 inte-

149 2882 231 2956 ritu,
254 2880 382 2965 vulgus,
406 2882 492 2946 sinu
515 2886 613 2947 marris
635 2881 833 3026 fiamque,

682 2985 710 3026 rv
