2142 3664
285 347 350 398 rra
381 330 722 399 Casnarstrs.
777 345 842 411 275
895 337 898 345 ¹

183 469 218 510 ue
241 448 323 511 bona
348 450 481 519 militia,
508 467 614 528 quanta
638 443 681 506 his
699 447 845 508 Aureliani

161 471 304 614 stobique
320 529 456 590 institutio
470 525 545 600 suit,
568 527 638 608 pene
652 525 695 588 sar
707 525 768 588 esse.
784 529 845 588 De·
869 576 870 594 ,
922 591 931 599 ⁴

161 614 248 695 nique
273 612 446 681 Valerium,
473 627 504 670 ur
525 629 696 690 parentem,
723 608 770 669 seu
788 611 845 670 Dei
940 623 941 628 ’

128 711 130 717 ·
162 697 262 778 magni
289 690 477 773 suspiciebant
504 689 632 750 modo':
656 690 733 772 quod
761 695 845 772 quale

161 794 357 856 quantumque
381 775 440 845 sit,
466 772 503 832 ab
524 772 614 834 Urbis
637 772 781 832 conditore
807 773 845 834 ad

161 854 286 916 nostram
302 873 412 915 atatem
431 855 653 934 propinquorum
672 851 845 916 facinoribus

181 936 334 998 arefasium
347 934 395 996 est.
415 935 453 996 Et
468 937 605 1016 quoniam
621 933 759 995 bellorum
779 957 845 996 mo·
917 1009 918 1012 Ἴ
954 989 956 994 ,

161 957 225 1088 les,
249 1017 284 1078 de
307 1015 364 1099 qud
385 1014 466 1096 supra
487 1017 732 1087 memoravimus,
756 1015 844 1078 acriis

162 1099 304 1182 urgebat,
329 1099 411 1180 quasi
438 1099 540 1178 partito
568 1096 716 1176 Imperio,
744 1101 844 1162 cuncta

162 1200 224 1259 quae
243 1199 317 1240 trans
337 1180 423 1257 Alpes
441 1178 544 1240 Galliae
561 1175 647 1247 sunt,
672 1177 845 1239 Constantio

161 1257 331 1330 commissa3
353 1258 452 1320 Africa
471 1260 609 1341 Italiaque
620 1259 758 1319 Herculio
773 1283 783 1330 3
804 1261 845 1321 ll-

161 1340 298 1424 lyricique
317 1363 367 1402 ora
385 1341 421 1402 ad
440 1339 526 1422 usque
537 1342 622 1401 Ponti
638 1338 763 1413 fretum,
785 1342 845 1403 Ga·

160 1422 263 1494 leri03
294 1441 391 1482 caetera
418 1422 548 1483 Valerius
578 1424 733 1482 retentavit.
765 1422 843 1483 Hinc

160 1503 283 1585 denique
304 1505 377 1584 parri
398 1502 486 1562 Italiae
512 1506 654 1562 invedium
674 1503 843 1565 tributorum
925 1562 930 1571 ,

108 1628 110 1632 ,
161 1585 262 1666 ingens
286 1584 404 1644 malum.
432 1583 511 1642 Nam
536 1583 600 1642 crim
623 1585 718 1642 omnis
746 1582 844 1646 eidem

162 1662 310 1724 firndiione
332 1660 533 1742 moderatique
550 1682 667 1745 ageret,
690 1661 748 1744 qub
766 1686 845 1724 erer-

163 1746 234 1804 citus
260 1764 344 1825 arque
374 1744 553 1824 Imperator,
581 1746 631 1824 qui
659 1741 768 1826 semper
796 1765 845 1807 aut

163 1823 289 1886 maximi
307 1842 384 1906 parte
401 1824 538 1897 aderant,
562 1826 600 1886 ali
617 1821 746 1906 poss‘ent,
768 1848 842 1907 pen·

162 1907 289 1968 sionibus
312 1906 426 1968 inducia
449 1907 494 1967 lex
515 1925 600 1967 nova.
621 1908 693 1984 Quat
714 1905 780 1968 sane
802 1909 841 1969 il-

161 1989 254 2048 lorum
280 2006 439 2069 temporum
464 1987 600 2049 modestia
627 1989 780 2050 tolerabilis
812 1993 842 2052 in
940 2011 943 2014 ·

161 2072 313 2149 perniciem
332 2071 465 2150 processit
485 2067 529 2130 his
550 2068 768 2148 tempestatibus.
792 2071 842 2133 In·

161 2152 246 2210 terim
268 2151 353 2210 Jovio
377 2149 578 2212 Alexandriam
622 2149 753 2222 refecto,
777 2172 846 2231 pro·

161 2232 257 2290 vincia
272 2229 376 2291 credita
394 2231 576 2290 Maximiano
596 2171 723 2302 desan,
745 2233 785 2290 uri
804 2253 843 2292 re·

162 2311 236 2371 lidiis
256 2309 359 2371 finibus
378 2313 409 2372 io
427 2309 670 2391 Mesopotamiam
690 2313 843 2396 progrede-

161 2411 258 2464 retur,
280 2391 317 2452 ad
336 2391 471 2454 arcendos
492 2391 638 2452 Persarum
657 2395 787 2474 impetus.
815 2397 843 2456 A

162 2472 243 2554 quis'
271 2471 346 2536 rimb
374 2477 496 2557 graviter
521 2491 666 2547 vexatus,
696 2479 841 2537 conradis

163 2554 246 2617 ronse
272 2557 278 2569 ‘
337 2558 457 2616 exercitu
482 2556 498 2614 ὲ
521 2557 659 2618 veteranis
681 2577 715 2618 ac
742 2559 843 2618 tironi-

162 2633 240 2708 bus,
261 2657 309 2714 per
325 2639 492 2698 Armeniam
511 2639 542 2696 in
563 2635 655 2698 hostes
674 2638 842 2710 contendir3

155 2737 224 2796 apuae
246 2714 335 2775 fermi
357 2714 417 2778 sola
440 2715 487 2777 seu
511 2717 623 2778 facilior
642 2720 775 2780 vincendi
796 2722 842 2782 via

12 2765 14 2870 l
163 2794 210 2856 est.
237 2797 315 2858 Deni
335 2818 369 2858 ue
393 2798 501 2858 ibidem
523 2798 663 2861 Narseum
690 2823 785 2885 regem
813 2804 841 2861 in

15 2945 20 2979 1
163 2875 302 2942 ditionem
315 2820 459 2966 subegit,
483 2881 567 2942 simul
588 2881 692 2943 liberos
706 2929 715 2955 ,
738 2886 844 2963 conju.

15 2984 19 3005 ¹
636 2963 673 3024 M
693 2969 721 3044 vj
