2110 3666
227 300 228 303 ’
301 298 652 356 EPLTOMA
743 305 807 368 3m

131 400 263 475 Bassum,
285 401 453 484 caeterosque
472 402 544 460 alios
562 401 684 472 ditaret,
706 399 811 460 aedibus

132 507 243 568 quoque
269 504 428 544 memoratu
456 483 485 542 di
506 485 572 554 nis,
600 503 718 564 quarum
739 503 810 562 prae-

132 569 225 646 tipuas
242 565 393 635 videmus,
418 503 587 624 Pandoram
602 585 663 645 quae
682 565 811 623 dicuntur

131 669 163 708 ac
183 648 325 706 Laterani.
352 645 409 706 Hic
438 645 508 706 nulli
532 647 562 704 in
585 643 733 706 dominatu
759 641 810 702 suo

130 730 257 809 permisit
280 725 402 786 honores
428 725 604 804 venumdati.
627 727 735 786 Latinis
758 726 809 784 lit-

131 811 195 868 teris
216 807 380 868 sufficienter
399 804 543 866 instrusius
560 806 686 866 :Gra-tis
704 805 811 866 sermo-

131 889 215 948 nibus
236 888 366 949 eruditus.
390 885 496 947 Punici
517 886 678 966 eloquentiis
695 908 813 966 promp-

132 971 211 1040 tior,
232 971 335 1049 quippe
354 971 464 1050 genitus
477 967 552 1048 apud
569 969 681 1048 Leptim
697 969 813 1048 provin·

133 1053 183 1110 ciae
196 1049 308 1110 Africae.
326 1049 353 1108 Is
367 1049 434 1108 dum
451 1049 646 1108 membrorum
659 1050 811 1119 omnium,

133 1131 258 1190 maxime
279 1129 405 1210 pedum,
430 1129 559 1189 dolorem
580 1130 640 1210 pari
660 1130 812 1210 nequiret,

133 1215 235 1272 veneni
257 1213 340 1280 vice,
366 1211 444 1292 quod
465 1213 491 1270 ei
511 1209 690 1292 negabatur,
716 1210 812 1269 cibum

134 1293 228 1375 gravis
247 1315 280 1353 ac
292 1293 425 1374 'plurimae
447 1294 536 1352 carnis
556 1287 663 1352 aviditis
685 1292 813 1362 invasit,

134 1395 219 1456 quem
239 1371 302 1434 crim
320 1372 457 1433 conficere
472 1395 531 1432 non
550 1369 657 1452 posset,
679 1371 814 1432 cruditate

133 1452 237 1536 pressus
250 1501 262 1525 ,
279 1452 438 1534 exspiravit.
461 1455 545 1514 Vixit
566 1473 655 1513 annos
670 1451 815 1536 sexaginta

134 1558 268 1618 qumque.

176 1617 258 1677 XXI.
275 1615 403 1675 Aurelius
416 1613 578 1674 Antoninus
588 1613 736 1674 Bassianus
748 1613 814 1676 Ca-

137 1697 263 1766 racalla,
287 1697 384 1756 Severi
404 1693 500 1766 silius„
524 1693 656 1776 Lugduni
680 1697 814 1778 genitus,

137 1779 286 1857 imperavit
308 1775 383 1836 solus
403 1797 493 1840 annos
515 1773 571 1836 ser.
590 1775 648 1836 Hic
667 1777 814 1838 Bassianus

137 1879 170 1918 ex
187 1861 232 1918 avi
249 1861 367 1918 materni
382 1861 499 1918 nomine
517 1857 606 1918 didius
622 1855 667 1918 est.
691 1858 732 1918 At
749 1857 814 1919 crim

138 1939 153 1998 ὲ
172 1939 269 2000 Gallia
284 1938 386 1999 vellem
404 1939 556 2020 plurimam
576 1937 744 2008 devexisset,
765 1960 814 1999 ta·

138 2019 262 2102 laresque
289 2022 437 2080 caracallas
463 2018 595 2090 fecisset,
629 2018 817 2102 co‘e‘gilse'tque

139 2102 250 2180 plebem
270 2099 352 2159 adse
373 2099 549 2160 salutandum
568 2097 697 2158 indutam
716 2099 817 2159 talibus

139 2185 279 2249 introire,
303 2179 338 2238 de
358 2182 474 2240 nornine
493 2175 606 2258 hujusce
625 2176 706 2238 vestis
724 2177 819 2240 Cara-

140 2261 213 2320 calla
231 2262 448 2341 cognominatus
462 2257 509 2334 est‚
528 2259 585 2318 Hic
604 2257 717 2318 fratrem
738 2257 819 2320 suum

141 2341 246 2402 Getam
260 2341 399 2420 peremit3
419 2339 458 2399 ob
471 2361 557 2422 quam
571 2337 704 2409 causam,
725 2339 819 2407 furore

141 2443 238 2502 poenas
264 2421 340 2482 dedit
365 2421 500 2482 Dirarum
528 2418 733 2494 infestatione,
757 2439 819 2503 quat

142 2525 200 2562 non
227 2501 370 2564 immeriti>
400 2504 509 2562 ultrices
534 2521 694 2572 vocantur,
719 2501 735 2563 *a
781 2523 820 2563 uo

141 2581 203 2664 post
226 2583 319 2644 surore
344 2585 495 2648 convaluit,
518 2584 576 2643 Hic
601 2604 718 2664 corpore
745 2524 818 2644 Aie-

142 2663 241 2726 xandri
268 2663 436 2724 Macedonis
465 2662 645 2745 conspecto,
675 2665 820 2747 Magnum

143 2765 228 2826 arque
244 2744 436 2806 Alexandrum
455 2742 483 2803 se
503 2748 584 2824 jussit
599 2745 754 2824 appellari,
775 2742 822 2802 as·

96 2840 101 2847 '
144 2825 312 2888 senrantium
326 2825 445 2886 fallaciis
462 2821 496 2886 ed
510 2824 681 2908 perdusius‚
703 2843 733 2885 ut
749 2825 822 2884 truci

621 2905 701 2966 Oiv
