2110 3666
225 337 294 404 324
349 313 779 384 AunVrcronrs

221 437 263 494 xit
281 433 382 502 annis,
403 433 490 492 tribus
512 429 630 500 minsis,
651 431 869 513 quinquaginta.

262 513 409 574 XXXII.
438 513 570 573 Licinius
591 513 758 572 Valerianus
787 533 903 594 cogno·

223 614 321 654 mento
342 593 504 663 Coloqus,
527 595 675 672 imperavit
698 613 787 655 annos
812 593 901 672 quin-

222 675 334 744 decim,
357 674 516 754 parentibus
544 693 620 734 ortus
646 671 898 752 splendidissimis,

223 753 338 816 stolidus
368 773 463 814 tamen
492 762 519 814 &
550 751 670 814 multllm
695 756 786 823 iners,
813 773 904 834 neque

223 835 261 897 ad
286 834 367 894 usum
394 835 517 915 aliquem
539 837 643 914 publici
668 835 754 894 officii
784 832 904 892 consilio

223 917 272 978 seu
290 913 373 1011 gestis
394 916 633 976 accommodatus.
648 915 705 974 Hic
718 914 811 974 lilium
823 913 904 974 suum

225 999 391 1060 Gallienum
418 995 573 1079 Augustum
602 996 668 1056 fecit
682 1043 694 1066 ,
723 996 906 1076 Gallienique

226 1077 318 1140 filium
347 1077 514 1140 Cornelium
541 1078 725 1138 Valerianum
753 1075 905 1138 caesuem.

226 1159 281 1221 His
305 1161 505 1239 imperantibus
530 1159 695 1240 Regilianus
716 1159 745 1216 in
766 1156 871 1218 Motsiti
892 1203 905 1228 ,

229 1241 346 1304 Cassius
376 1241 509 1298 Larianus
539 1237 686 1299 Postumus
714 1241 744 1298 in
776 1236 873 1300 Gallis
893 1285 907 1310 ,

228 1321 355 1384 Gallieni
375 1318 435 1380 filio
453 1317 623 1390 interfecto,
646 1320 832 1399 Imperatores
856 1318 906 1377 es-

227 1401 297 1462 fedti
315 1399 386 1460 sunt.
407 1401 470 1460 Pari
491 1400 578 1460 modo
593 1399 725 1460 AElianus
746 1400 819 1478 apud
835 1400 908 1458 Mo.-

167 1483 174 1494 '
250 1485 392 1546 untiacum
404 1527 414 1554 ,
427 1485 459 1548 in¹
474 1480 605 1563 AEgypto
623 1481 816 1552 AEmilr'auus,
831 1481 907 1560 apud

227 1505 403 1626 lIIacedonas
425 1563 556 1633 Valens,
583 1562 743 1622 Mediolani
767 1561 907 1623 Aureolus

230 1647 409 1722 dominatum
431 1641 563 1704 invasdre.
590 1645 757 1704 Valerianus
781 1641 848 1702 vero
876 1645 908 1702 in

228 1723 440 1808 Mesopotamii
468 1726 573 1784 bellum
607 1745 727 1808 gerens,
757 1722 774 1782 ‘a
801 1724 908 1803 Sapore

228 1806 373 1868 Persarum
395 1828 423 1864 re
445 1825 459 1863 e
479 1808 639 1885 superatus,
660 1827 727 1864 mox
748 1805 834 1864 etiam
853 1827 905 1864 ca-

229 1908 313 1968 ptus,
327 1886 401 1968 apud
420 1827 538 1946 sarthos
551 1887 673 1968 ignobili
693 1884 822 1946 servitute
837 1905 909 1945 con-

229 1967 328 2028 senuit.
350 1967 427 2026 Nam
447 1967 582 2047 quamdiu
596 1970 683 2040 vixit,
703 1967 763 2026 Rex
782 1965 908 2045 ejusdem

230 2049 400 2130 provintia,
428 2051 572 2108 incurvato
597 2069 632 2106 eo
661 2048 761 2128 pedem
786 2049 907 2108 cervici-

231 2131 282 2191 bus
312 2135 369 2210 ejus
396 2133 572 2210 imponens,
596 2151 699 2211 equum
724 2127 908 2192 conscendere

231 2210 327 2272 solitus
345 2231 410 2271 erat.
906 2259 907 2262 ,
966 2275 970 2284 ·

272 2291 439 2352 XXXIII.
472 2293 618 2354 Gallienus
647 2289 762 2372 quidem
783 2293 813 2350 in
842 2292 909 2350 loto

232 2373 361 2433 Cornelii
377 2370 428 2432 lilii
438 2369 480 2432 sui
493 2374 677 2434 Salonianum
687 2374 804 2432 alterum
817 2369 910 2432 filium

232 2453 415 2537 subrogavit,
437 2457 527 2514 amori
548 2453 657 2513 diverso
678 2455 809 2532 pellicum
829 2453 911 2514 dedi-

232 2553 299 2604 tus,
322 2535 461 2594 Salouiuae
491 2537 641 2617 conjugis,
668 2543 695 2594 &
720 2534 883 2596 concubinae
898 2580 913 2604 ‚

232 2635 319 2696 quam
341 2615 587 2694 permissionem,
609 2611 735 2675 conuelli
758 2634 833 2694 parre
858 2614 910 2674 su-

232 2696 348 2778 perioris
369 2695 540 2766 Pannoniae,
559 2693 575 2755 a
594 2715 669 2776 patre
688 2697 912 2775 Marcomanno-

231 2798 292 2836 rum
323 2797 387 2860 rege
414 2777 589 2836 matrimonii
617 2775 707 2856 specie
730 2775 911 2857 susceperat,

231 2857 331 2939 PIpam
353 2859 478 2918 nomine.
499 2858 661 2920 Nouissimd
686 2855 816 2920 adversus
842 2859 919 2930 Aua
1016 2895 1019 2908 ·
