2060 3662
225 318 267 388 32
392 301 709 374 Euauoatz

222 414 336 500 publici
350 417 475 496 custodi&
495 417 580 484 elsent
597 446 603 479 :
621 425 671 504 qui
691 441 786 494 autem
807 421 913 505 ‘apri-⁴

221 500 296 558 vatis
315 519 493 572 tenerentur,
514 523 565 575 ut,
604 505 674 563 tetio
693 504 818 565 dominis
836 505 914 565 red*
1013 551 1014 562 ,

223 579 306 650 dito,
325 580 533 666 Carthaginem
547 526 689 656 redirem
704 607 788 666 atque
802 586 832 646 id
844 607 916 666 pte-

224 661 298 720 tium
319 683 351 720 ex
371 661 440 722 fisco
460 666 574 748 magis,
596 664 683 746 quim
706 665 722 726 lt
743 665 912 751 Carthagi-

226 743 368 802 niensibus
387 741 547 806 solveretur.

228 831 230 836 '
266 815 408 884 XXVIII.
424 827 547 902 Quintus
559 826 707 898 Lutatius,
723 829 811 888 Aulus
822 829 914 890 Man·

226 903 302 974 lius,
321 903 462 967 Consules
479 910 564 968 creati
578 953 586 978 ,
605 908 712 968 bellum
728 908 843 970 Faliscis
859 912 914 970 'in-

230 984 371 1058 tulerunt,
387 1009 448 1068 quae
464 990 561 1048 civitas
571 989 660 1050 Italia
674 1013 693 1048 ο
713 991 808 1050 ulenta
819 1013 916 1072 quon-

228 1064 295 1124 dam
316 1065 371 1126 fuit
390 1091 397 1125 ε
417 1069 495 1150 quod
511 1069 598 1130 ambo
613 1013 754 1132 Conliiles
773 1074 845 1132 intra
864 1071 915 1132 se'x

228 1145 287 1204 dies
302 1191 310 1216 ,
327 1145 413 1228 quim
427 1171 581 1222 venerant,
596 1150 813 1236 transegerunt,
829 1155 914 1235 quim

229 1225 321 1286 decim
339 1229 463 1290 millibus
476 1229 599 1292 hostium
617 1235 713 1305 caesis,
729 1237 831 1294 caeteris
845 1251 916 1314 pace

229 1308 379 1370 concessi:
394 1333 463 1396 agro
473 1331 570 1374 tamen
581 1336 615 1374 ex
626 1314 776 1376 medietate
791 1313 916 1378 sublato.

228 1438 912 1512 sezwnflm»

237 1547 495 1660 faianu
551 1555 857 1640 taurina

435 1761 464 1822 C
485 1761 513 1822 A
532 1759 555 1820 Ρ
575 1760 606 1820 U
627 1757 656 1818 T
697 1754 721 1819 I.

231 1853 299 1974 Fu
311 1925 381 1966 uir
392 1924 413 1966 o
440 1907 526 1988 igitur
543 1905 653 1965 Punico
668 1903 760 1976 bello,
776 1903 855 1985 quod
870 1925 918 2000 pet¹

234 1989 340 2071 viginti
364 2001 419 2046 tres¹
443 2007 532 2046 annos
557 1989 676 2045 tracium
703 1984 765 2056 est,
792 1985 919 2046 Romani

233 2073 294 2148 jam
324 2065 475 2128 clarissimi
505 2065 596 2150 glorie
624 2069 714 2138 noti,
744 2067 853 2150 legatos
882 2067 918 2126 ad

233 2149 420 2212 Ptolemaeum
431 2148 563 2231 ·AEgypti'
579 2167 675 2230 regem
695 2146 848 2219 miserunt,
863 2167 917 2208 au·
1013 2157 1014 2160 ’

236 2232 306 2290 xilia
321 2233 514 2310 ptomittentes
530 2275 540 2298 ,
558 2231 625 2310 quia
641 2249 688 2288 tex
707 2229 792 2309 Syriae
810 2229 916 2288 Antio-

236 2309 306 2370 chus
318 2313 344 2368 ei
357 2311 463 2370 bellum
477 2311 615 2368 intulerat.
627 2309 678 2370 Ille
693 2312 796 2402 gratias
810 2309 917 2369 Roma·

236 2393 282 2450 nis
303 2393 383 2474 egit3
406 2390 510 2450 auxilia
531 2408 590 2449 non
607 2408 715 2470 accepit
736 2413 743 2447 ε
765 2393 918 2470 jamenim

235 2469 329 2532 fuerat
356 2493 451 2555 pugna
477 2469 625 2532 transada.
652 2470 764 2530 Eodem
797 2490 918 2552 tempore

239 2551 919 2633 potentissimusrexSiciliaHietoRomamvenit

236 2632 277 2694 ad
290 2632 371 2693 ludos
386 2632 569 2714 spoliandos,
584 2633 741 2694 &ducenta
754 2635 845 2694 millia
856 2654 917 2708 mof

239 2714 352 2774 diorum
373 2717 458 2774 tritici
475 2716 580 2794 populo
598 2714 675 2774 dono
693 2712 829 2774 exhibuit.

281 2793 335 2855 ΙΙ.·
348 2796 439 2854 Lucio
466 2795 605 2856 Cornelio
632 2795 788 2864 Lentulo,
822 2795 918 2854 Fulvio

238 2875 344 2939 Flacco
362 2875 535 2941 Consulibus
548 2922 557 2950 ,
577 2876 680 2962 quibus
693 2875 783 2938 Hiero
797 2875 919 2936 Romam
