2060 3662
250 321 429 390 Lrnan
471 315 576 389 Vra
665 293 755 388 ζει

84 439 301 521 triumphantem
321 439 378 522 ipse
396 439 625 524 prosequeretut,·
646 439 759 512 &con-

83 521 225 583 scendenti
246 521 425 602 Capitolium
449 524 532 582 laevus
557 522 703 583 incederet.
733 524 762 584 ls

83 606 151 664 vixit
172 626 260 664 annos
282 601 427 688 sexaginta
447 623 589 688 quatuor,
614 606 763 684 imperavit

83 687 328 765 quatuor-decim
354 683 415 766 post
441 705 562 747 mortem
587 684 761 748 consecratus

82 765 143 838 est,
163 766 310 848 Divusque
331 767 493 847 appellatus.

122 847 218 908 XIV.
240 849 377 909 Successit
403 845 468 906 huic
488 848 591 918 Nero,
621 848 761 931 Caligulae

81 930 223 990 avunculo
249 927 299 988 suo
327 929 509 1000 simillimus,
556 931 585 988 ui
613 931 762 1009 imperium

81 1009 250 1070 Romanum
262 1019 290 1070 δι
307 1009 517 1070 deformavit&
534 951 666 1070 diminuit
681 1034 688 1066 :
703 1013 765 1072 inu·

83 1094 173 1151 sitatae
202 1092 315 1151 luxuriae
332 1139 344 1162 ,
377 1089 625 1172 sumptuumque,
653 1093 763 1171 utqui,

82 1193 163 1232 erem
185 1173 213 1232 lo
235 1172 303 1234 Caii
327 1171 491 1258 Caligulae,
511 1172 608 1232 calidis
628 1179 655 1234 δε
676 1171 764 1256 frigi-'

82 1254 127 1314 dis
154 1195 183 1313 ti
210 1254 314 1315 lavaret
342 1255 513 1396 mapuentis,
540 1255 644 1314 retibus
675 1257 764 1316 aureis

82 1333 255 1476 piscaretur,
278 1357 339 1418 quae
360 1338 379 1396 b

392 1338 471 1396 atteis
493 1335 606 1396 funibus
630 1333 762 1395 extrahess

105 1435 143 1476 at.
168 1415 313 1478 infinitam
333 1437 439 1498 partem
458 1415 575 1477 Senatds
596 1417 735 1476 interfecit
751 1441 762 1488 3

85 1497 168 1558 bonis
189 1499 324 1558 omnibus
343 1497 428 1560 hostis
449 1497 502 1557 fuit
517 1523 522 1556 :
540 1497 576 1558 ad
594 1496 765 1578 postremum

84 1577 113 1639 se
126 1599 207 1639 tanto
228 1579 363 1640 dedecore
380 1577 541 1660 prostituit,
562 1597 592 1638 ut
613 1575 766 1639 saltaret&

84 1681 211 1721 cantaret
231 1663 261 1719 in
280 1658 362 1719 steni
376 1706 387 1732 ,
402 1657 583 1720 citharoedico
604 1657 702 1720 habitu
721 1662 769 1720 vel

84 1743 197 1827 tragico
217 1765 223 1798 :
242 1741 388 1822 parricidia
407 1743 496 1800 multa
516 1741 680 1813 commisit,
703 1740 766 1801 fra*

84 1842 145 1896 tte,
165 1843 274 1894 uxore,
293 1842 381 1883 matre
398 1821 549 1882 intersediis
567 1823 687 1883 :urbem
709 1823 768 1883 Ro-

86 1925 164 1965 mam
183 1905 333 1976 incendit,
356 1924 387 1966 ut
407 1902 424 1964 s
440 1905 556 1966 estaculi
578 1909 635 1982 ejus
656 1907 765 1988 imagi-

86 2008 153 2048 nem
179 2005 330 2058 cernerct,
360 1927 438 2069 quali
468 1987 540 2046 olim
567 1983 661 2064 Troja'
685 2006 768 2066 capta

86 2067 197 2129 arserat.
218 2067 252 2128 ln
269 2089 296 2128 te
312 2069 428 2128 militari
440 2065 514 2127 nihil
526 2065 647 2127 omnino
666 2065 767 2138 ausus,

86 2147 263 2210 Britanniam
278 2149 348 2230 pene
365 2149 469 2209 amisit.
483 2149 562 2208 Nam
577 2146 698 2208 duo'sub
714 2145 769 2208 hoc

87 2231 268 2292 nobilissima
285 2229 389 2310 oppida
405 2252 437 2290 ca
458 2249 486 2288 ta
503 2229 560 2286 illic
577 2247 660 2308 atque
676 2225 770 2290 eversa

89 2309 151 2372 sunt
163 2313 351 2372 :Armeniam
369 2250 466 2372 Paulli
480 2307 664 2381 sustulerunt,
682 2309 707 2370 le
730 2312 771 2369 io·

89 2391 193 2476 tresque
204 2393 351 2454 Romanas
364 2391 414 2453 sub
427 2397 527 2476 jugum
541 2390 682 2452 miserunt.
698 2331 769 2452 liuae

91 2491 185 2536 tamen
204 2475 354 2556 provinciae
368 2473 418 2535 sub
436 2495 471 2532 eo
492 2471 572 2533 facta
593 2472 677 2545 sunt,
697 2473 771 2534 Pon-

90 2571 133 2616 tus
150 2555 368 2616 Polemoniacus
384 2602 394 2627 ,
422 2554 594 2628 concedente¹
610 2575 675 2638 rege
687 2555 775 2624 Pole-

92 2657 201 2712 mone3
224 2646 252 2698 &
270 2635 356 2719 Alpes
373 2635 500 2708 Cottiae,
523 2636 626 2698 Cottio
641 2657 706 2720 rege
725 2635 772 2697 de'·

92 2717 199 2780 sundio.

131 2801 207 2861 XV.
229 2801 281 2861 Pet
301 2795 359 2859 haec
375 2799 510 2860 Romano
530 2797 593 2858 orbi
612 2796 770 2859 exsecrabi-

91 2881 151 2953 lis,
181 2883 219 2944 ab
243 2881 376 2945 omnibus
401 2881 486 2942 simul
512 2879 676 2952 destitutus,
702 2891 728 2942 δι
755 2881 772 2940 ‘a

583 2961 653 3023 Dv
