2142 3664
266 329 330 410 1'98
416 322 539 393 Aua.
568 317 782 394 tfrcroa

262 445 317 502 sibi
340 443 418 520 jussit
443 463 452 512 3
477 461 572 500 tamen
603 442 632 502 in
656 439 832 522 triumphum
854 441 944 506 duxit.

259 524 294 584 ln
316 520 368 582 hac
388 521 485 582 latitia
504 521 574 584 duos
594 519 668 582 filios
685 525 780 583 amisit
799 568 808 595 ‚
830 533 858 583 &
878 545 946 604 pro-

261 600 364 686 gress'us
378 602 414 663 ad
426 603 583 683 populum,
597 607 702 742 {parias
715 605 844 664 Fortuna
865 607 946 687 egit,

281 683 339 744 ruod
355 683 462 766 siquid
479 682 587 743 adversi
634 686 659 742 ei
679 685 736 746 ubl.
755 685 946 758 imminebat,

261 705 310 825 Fue
327 762 392 826 esset
414 765 574 824 calamitate
593 706 726 826 decifum.
742 765 792 825 Ob
808 764 866 824 haec
879 787 947 826 om-

260 847 333 917 nia,
358 848 384 905 ei
406 843 423 904 *a
445 845 551 926 populo
573 855 601 906 &
621 843 639 905 l
660 846 765 907 Senatu
785 843 946 909 concessum

261 925 324 998 est,
342 945 373 986 ut
393 925 466 986 ludis
486 925 667 987 Circensibus
688 925 851 1006 triumphali
870 925 946 988 veste

261 1026 389 1068 uteretur.
410 1007 461 1068 Ob
482 1003 564 1087 hujus
581 1009 727 1068 licentiam
746 1017 773 1069 &
791 1027 944 1088 pauperta-

262 1107 321 1148 tem
340 1136 349 1160 ,
370 1087 575 1172 postmortem
602 1093 661 1168 ejus
683 1087 735 1149 dos
758 1091 866 1159 uxori,
890 1092 945 1150 nisi

262 1169 382 1230 venditis
397 1165 631 1249 possessionibus,
645 1191 703 1228 non
721 1171 812 1248 potuit
825 1167 943 1231 exsolvi.

301 1250 411 1310 LVII.
427 1249 558 1310 Tiberius
581 1251 762 1330 Sempronius
780 1247 947 1323 Gracchus,

262 1330 439 1391 nobilissimi
471 1329 582 1390 familia
617 1350 694 1392 ortus
727 1376 737 1402 ‚
782 1331 946 1411 Scipionem

169 1439 170 1444 ¹
262 1413 449 1482 Asiaticum,
475 1415 604 1494 quamvis
628 1413 805 1482 inimicum,
828 1412 893 1470 duci
915 1415 947 1474 in

263 1514 400 1553 carcerem
421 1513 480 1552 non
501 1490 599 1574 pallus.
619 1491 723 1552 Praetor
743 1493 869 1554 Galliam
891 1493 947 1553 do·

262 1577 358 1646 muit‚
379 1573 490 1635 Consul
509 1573 679 1655 Hispaniam
702 1595 712 1644 ς
735 1575 822 1634 altero
842 1573 947 1634 consu.

262 1655 322 1715 latu
354 1656 513 1716 Sardiniam
536 1679 545 1725 3
571 1673 735 1735 tantumque
768 1657 947 1735 captivorum

262 1737 403 1808 adduxit,
422 1757 451 1796 ut
472 1737 559 1820 longit
580 1737 744 1796 venditione
763 1757 805 1796 res
826 1741 855 1797 in
878 1757 948 1816 pro-

204 1839 207 1845 ’
262 1819 390 1878 verbium
416 1821 523 1878 veniret
547 1816 658 1878 :Sardi
685 1819 806 1878 venales.
834 1817 948 1878 Censor

261 1897 430 1968 libertinos,
449 1901 498 1979 qui
518 1896 630 1958 rusticas
647 1899 737 1958 tribus
754 1898 946 1978 occuparant,

262 1981 293 2038 in
312 1998 431 2061 quatuor
445 1979 566 2038 urbanas
581 1979 695 2050 divisit,
711 1979 750 2038 ob
769 1978 875 2060 quoda
911 2001 947 2039 0-

262 2061 330 2141 pulo
358 2061 467 2144 collega
493 2065 550 2140 ejus
577 2060 714 2121 Claudius
739 2067 830 2132 (nam
851 2001 947 2142 ipAEm

261 2143 414 2202 auctoritas
437 2142 591 2216 tuebarur)
615 2161 676 2200 reus
701 2140 810 2213 factus,
832 2150 858 2201 &
880 2140 945 2202 crim

263 2242 329 2281 eum
350 2223 409 2283 duae
430 2220 523 2282 ciuiles
544 2217 793 2292 condemnassent,
813 2221 947 2285 Tiberius

261 2307 364 2375 iuravit
389 2302 418 2362 se
444 2325 508 2364 cum
537 2305 587 2362 illo
608 2305 637 2362 in
662 2304 790 2362 exsilium
815 2305 943 2363 iturum:

262 2383 303 2444 ita
316 2405 378 2444 rcus
392 2383 534 2444 absolutus
547 2382 594 2442 est.
604 2381 681 2445 Cum
693 2385 723 2444 in
737 2383 825 2442 domo
835 2383 948 2443 Tiberii

265 2464 322 2524 duo
342 2486 447 2547 angues
464 2485 479 2523 e
499 2466 604 2549 geniali
622 2484 684 2524 toro
704 2459 843 2544 repsilsent
863 2487 872 2534 3
892 2463 949 2525 res·

189 2565 191 2569 ’
263 2545 355 2624 ponso
372 2545 439 2605 dato
450 2590 460 2617 ,
484 2566 548 2604 eum
572 2545 606 2605 de
627 2545 751 2605 dominis
761 2547 946 2686 periturum,

265 2631 342 2706 cujus
368 2624 447 2686 sexus
467 2629 567 2710 anguis
587 2623 678 2687 fuiffet
697 2628 759 2686 occi
773 2647 825 2697 us,
846 2647 945 2686 amore

266 2707 408 2768 Cornelia
431 2710 560 2791 conjugis
578 2727 685 2767 marem
703 2709 784 2788 jussit
805 2704 933 2766 interfici.

304 2787 458 2849 LVIII.
486 2789 601 2848 Publius
621 2789 717 2868 Scipio
739 2786 914 2848 AEmilianus
935 2835 947 2858 ,

265 2868 356 2932 Paulli
374 2869 558 2933 Macedonici
574 2868 646 2933 filius
661 2914 671 2942 ‚
687 2868 703 2928 'a
719 2869 851 2952 Scipione
867 2867 949 2930 Afri-
