2142 3664
260 315 327 366 na
357 291 695 371 cornarani.
748 312 812 393 263

132 414 256 498 'pecunii
276 417 545 498 comprobantibus,
563 417 708 480 Tetricum
727 421 821 503 Impe-

137 517 258 558 ratorem
286 498 379 569 facit3
401 501 450 581 qui
474 498 583 560 familia
606 503 721 570 nobili,
744 515 818 583 prae-

138 579 229 638 sidatu
254 580 415 660 Aquitanos
439 580 590 652 tuebatur,
617 580 733 664 filioque
761 588 820 662 ejus

137 659 252 719 Tetrico
271 659 398 721 Caesarea
416 663 537 744 insignia
557 663 760 742 impartiuntur.
779 669 819 724 At

137 739 238 800 Romae
265 741 412 802 Gallienus
438 761 537 822 pacata
563 745 686 814 omnia,
711 746 817 826 ignatis

137 822 245 902 publici
270 823 361 893 mali,
384 822 512 901 improbe
541 819 694 893 suadebat,
720 823 818 884 crebri>

138 904 224 962 etiarn
239 947 250 970 ,
275 905 314 962 uti
328 904 407 962 rebus
422 923 454 962 ex
468 903 612 962 voluntate
627 901 709 987 gestis
722 902 793 964 solet
807 949 818 978 ,

137 982 221 1043 ludos
241 1003 273 1042 ac
291 981 360 1043 festa
387 982 616 1065 triumphorum,
637 980 696 1065 qub
714 1005 816 1064 prom·
890 1042 899 1060 „

138 1065 211 1143 ptitls
239 1065 369 1125 simulata
396 1062 652 1135 confirmarentur,
678 1085 816 1126 exercens.

139 1143 195 1203 Sed
227 1143 375 1226 postquam
402 1146 553 1225 periculum
584 1146 819 1228 propinquabat,

138 1223 254 1284 tandem
278 1225 358 1286 Urbe
378 1225 524 1308 egreditur.
547 1225 681 1306 Namque
703 1230 816 1286 Aureo-

139 1303 203 1376 lu5,
221 1303 283 1364 erim
299 1327 346 1386 pet
360 1304 483 1367 Rbaetias
500 1307 658 1388 legionibus
675 1304 818 1387 procellat,

141 1387 267 1456 excitus,
287 1391 328 1447 uti
341 1407 403 1448 mos
421 1386 480 1457 est,
499 1385 629 1446 socordii
645 1405 704 1446 tam
721 1389 819 1471 ignavi

140 1464 243 1539 ducis,
271 1465 383 1547 sumpto
405 1468 526 1546 Imperio
547 1467 672 1526 Romam
696 1487 817 1528 conten-

139 1547 234 1608 debat.
256 1548 331 1606 Eum
350 1547 495 1608 Gallienus
514 1547 588 1626 apud
625 1566 748 1618 ontem,
772 1551 818 1608 cui

140 1649 176 1686 er
189 1649 224 1686 eo
237 1628 353 1686 Aureoli
368 1647 472 1686 nornen
485 1624 544 1696 est,
566 1567 660 1685 fnium
678 1629 737 1685 acie
751 1629 820 1687 Me-

142 1707 289 1772 diolanum
305 1708 406 1788 coegit.
428 1706 525 1783 Quam
545 1706 641 1766 urbem
660 1705 728 1766 dum
750 1729 818 1786 ma·

123 1819 128 1828 ·
143 1785 352 1848 obinationibus
366 1789 459 1847 omnis
473 1788 581 1870 generis
597 1805 761 1870 oppugnat,
782 1789 819 1848 ab

142 1867 197 1928 suis
222 1869 333 1928 interiit.
358 1868 471 1948 Quippe
487 1869 657 1946 Aureolus,
682 1867 731 1928 ubi
756 1867 818 1930 sol·

141 1949 226 2010 vendi
244 1948 347 2008 obsidii
366 1945 443 2030 spem
467 1951 582 2008 inanem
599 1947 696 2021 videt,
715 1949 819 2010 ducum

141 2029 267 2090 Gallieni
290 2029 540 2110 Tribunotumque
568 2032 711 2099 nomina,
739 2033 821 2110 quasi

141 2109 278 2170 destinata
298 2111 335 2169 ab
354 2131 388 2170 eo
411 2110 447 2170 ad
468 2117 589 2179 necem,
613 2108 672 2168 astu
695 2130 817 2188 compo-

140 2189 195 2252 suit
211 2235 220 2261 ,
239 2188 399 2271 litterasque
418 2190 433 2248 ὲ
453 2210 558 2260 muro,
582 2186 668 2326 pulum
689 2191 821 2250 occultis·

142 2273 214 2332 siml
233 2273 345 2350 potuit,
364 2270 491 2348 abjecit,
528 2289 569 2328 uae
597 2269 656 2327 orte
674 2265 690 2327 *a
709 2289 820 2330 menro-

60 2347 63 2354 ’
141 2355 208 2412 ratis
225 2371 360 2430 repettae,
382 2371 487 2410 metum
508 2291 750 2430 inspicionenrque
767 2353 817 2410 in-

140 2435 229 2511 jecite
248 2431 374 2492 mandati
392 2433 491 2503 exitii,
511 2451 607 2490 verum
629 2450 674 2490 eas
689 2430 819 2492 effluxill‘e

140 2511 246 2573 incurii
265 2511 463 2573 ministrorum.
487 2509 554 2590 Qui
573 2508 655 2570 causi
672 2512 819 2572 Aureliani

142 2596 285 2664 consilio,
309 2597 386 2674 cujus
412 2595 502 2675 gratia
530 2595 560 2650 in
586 2594 705 2650 exercitu
735 2613 819 2673 atque

141 2672 234 2736 honor
263 2671 450 2754 praestabant,
478 2670 609 2732 simulati
635 2675 820 2771 proruptione

141 2753 290 2828 hostium,
312 2754 419 2824 nullis,
442 2756 483 2812 uti
500 2773 527 2812 te
543 2751 650 2831 trepida
670 2773 703 2811 ac
721 2763 820 2831 tepen-

142 2834 202 2898 tini
222 2835 315 2908 solet,
335 2837 441 2898 tellum
462 2831 664 2916 stipatoribus,
684 2833 817 2895 taberna·
