2134 3668
239 332 307 394 116
417 323 729 392 Euenot’r‘r

236 443 408 514 Herculius,
428 443 619 525 Massiliaeque
644 437 783 524 opprellus
804 445 859 514 (ex
884 441 919 502 ed

238 528 342 584 etenim
368 527 500 608 navigare
524 525 560 586 ad
583 523 673 584 filium
696 524 917 604 preparabat,)

237 627 334 688 poenas
348 605 425 666 dedit
441 604 591 684 justissimo
606 607 682 664 exitu
702 627 709 661 :
729 607 772 664 vir
792 605 829 664 ad
846 625 917 663 orn·

237 707 305 748 nem
332 684 509 767 asperitatem
538 685 729 768 saevitiamque
755 686 919 766 proclivus,

239 763 369 840 infidus,
391 767 616 839 incommodus,
640 768 783 828 civilitatis
810 763 921 849 penitis

240 869 343 930 expers.

259 1000 264 1010 ,
282 931 336 989 Ν.
358 930 410 989 Per
426 927 481 989 hoc
498 948 608 1012 ternpus
625 927 641 989 *a
661 927 777 990 Galerio
795 928 922 990 Licinius

241 1009 398 1092 Imperator
411 1010 449 1070 est
465 1011 573 1083 fadus,
592 1007 685 1071 Dacid
699 1010 852 1081 oriundus,
867 1032 922 1070 no-

243 1109 286 1151 tus
307 1095 332 1151 ei
350 1091 468 1172 antiquit
484 1091 705 1162 consuetudine,
722 1101 750 1152 &
770 1093 801 1150 in
820 1091 920 1162 bello,

243 1174 321 1254 quod
341 1173 468 1234 adversus
488 1172 628 1234 Narseum
647 1169 786 1257 gefferat,
807 1169 923 1232 strenuis

243 1254 392 1314 laboribus·
411 1263 438 1314 &
457 1255 557 1314 officiis
577 1273 707 1332 acceptus
730 1277 736 1311 :
758 1274 834 1313 mors
855 1253 921 1314 Ga-

244 1334 305 1394 lerii
329 1332 475 1394 confestim
500 1334 592 1396 secuta
616 1331 663 1393 est
692 1333 736 1394 Ita
755 1332 926 1414 Respublica

244 1433 305 1474 tum
331 1413 445 1474 xanovis
464 1436 584 1496 quatuor
607 1415 824 1494 Imperatoribus
846 1434 927 1474 tene·

245 1496 354 1566 batur,
385 1493 575 1557 Constantino
601 1504 628 1556 δι
655 1497 832 1567 Maxentio,
861 1493 928 1557 filiis

245 1575 457 1660 Augustorum,
478 1577 589 1638 Licinio
603 1585 630 1636 &
644 1577 827 1648 Maximino,
845 1580 928 1638 novis

247 1655 421 1720 hominibus.
456 1658 567 1736 Quinto
598 1675 695 1718 tamen
723 1655 929 1720 Constantinus

247 1740 359 1818 imperii
379 1739 421 1802 sui
441 1762 537 1812 anno,
560 1739 667 1798 bellurn
689 1737 834 1799 adverstim
859 1740 930 1799 Ma-

247 1823 373 1880 xentium
403 1821 497 1882 Civile
529 1822 719 1892 commovit3
750 1822 845 1900 copias
872 1827 931 1899 ejus

249 1903 344 1960 multis
363 1903 460 1980 praeliis
478 1899 553 1961 fudit
573 1927 580 1960 τ
600 1899 692 1981 ipsunt
713 1899 853 1981 postremi>
871 1903 931 1961 Ro·

249 2001 303 2042 met
325 1981 470 2042 adverstim
486 1983 596 2043 nobiles
614 1983 748 2044 omnibus
771 1983 862 2044 exitiis
882 1981 934 2043 sae-

249 2064 398 2135 rientem,
422 2063 496 2144 apud
520 2083 636 2144 pontem
664 2064 808 2124 Mulvium
836 2065 931 2136 vicit,

250 2142 388 2226 Italidque
407 2143 446 2204 est
459 2147 571 2225 potitus.
595 2145 665 2204 Non
688 2142 779 2204 rnultd
801 2144 934 2224 deinceps

251 2227 282 2284 in
294 2223 412 2286 Oriente
425 2248 538 2308 quoque
554 2224 700 2288 adversum
712 2227 854 2285 Licinium
865 2227 936 2286 Ma·

252 2307 374 2374 ximinus
391 2327 433 2366 res
457 2329 546 2368 novas
565 2308 704 2378 molitus,
723 2307 851 2367 vicinunl
867 2308 933 2368 exi-

252 2387 324 2479 tiunr
351 2385 467 2448 fortuiti
489 2388 564 2469 apud
592 2385 715 2448 Tarsum
743 2407 834 2448 morte
857 2407 932 2469 prae-

252 2486 339 2528 vernt.

275 2548 334 2618 ‚V.
357 2547 559 2610 Constantinus
578 2556 698 2623 tamen,
719 2553 761 2610 vir
783 2551 883 2634 ingens
907 2557 936 2610 δε

255 2633 353 2700 omnia
372 2629 477 2689 efficere
494 2632 607 2703 nitens,
626 2653 688 2712 quat
711 2634 809 2691 animo
832 2650 939 2710 praepa·

255 2707 355 2782 tillet,
375 2711 458 2771 sirnul
481 2713 667 2791 principatum
688 2714 774 2772 totius
793 2710 869 2772 orbis
890 2709 938 2769 af-

257 2789 384 2863 fedane,
407 2793 518 2852 Licinio
540 2792 647 2854 bellurn
666 2793 785 2863 intulit,
807 2794 939 2873 quamvis

257 2873 431 2936 necessitudo
447 2883 474 2936 δι
490 2873 611 2936 affinitas
627 2893 692 2937 cum
708 2893 744 2934 eo
762 2869 828 2934 ellet
843 2895 851 2933 z
868 2893 939 2934 nam
