2142 3664
153 269 155 273 ’
243 313 312 380 254
391 289 515 360 Aun.
544 292 761 362 Victor

237 410 385 470 Britannia·
403 412 481 493 ,xcui
498 411 668 480 vocabulum
694 411 804 480 Sicila,
826 415 916 473 truci-

237 491 347 550 davere.
365 490 445 570 Opus
460 491 536 553 Urbi
550 493 777 552 florentissimum
793 494 917 552 celebre-

236 591 294 650 que
311 571 461 630 fabricatus
481 569 547 640 est3
568 570 719 653 matrisque
737 573 833 646 cultu,
852 595 916 654 quat

234 654 353 714 nomine
370 651 525 712 Mammaea
545 671 627 720 erat,
651 653 712 731 plus
732 651 818 734 quim
843 657 915 734 pius.

235 727 338 790 Adhuc
358 731 521 792 Domitium
539 733 695 812 Ulpianum
715 779 726 802 ,
743 755 827 814 quem
846 733 913 794 He-

235 811 393 894 liogabalus
417 813 589 874 Praetorianis
611 811 792 892 praefecerat,
813 813 914 876 eodem

234 887 344 952 honore
369 895 508 965 retinens,
531 893 674 974 Bauloque
700 897 773 954 inter
799 897 914 956 exordia

234 977 330 1053 patriae
348 973 481 1044 reddito,
503 977 570 1052 juris
589 975 771 1044 auc'toribus,
793 996 915 1056 quantus

235 1073 301 1147 erga
314 1058 438 1134 optimos
453 1074 535 1135 atque
549 1057 621 1134 aequi
633 1053 724 1114 studio
738 1053 824 1126 effer,
847 1057 915 1116 edo-

234 1153 301 1194 cuit.
321 1135 366 1194 Ne
387 1156 421 1193 ue
442 1137 513 1194 ultra
531 1157 618 1194 annm
638 1135 772 1197 tredecim
787 1137 912 1218 Imperio

233 1157 592 1294 funciut,(llempublicam
624 1218 743 1314 reliquit¹
770 1214 914 1281 firmatam

233 1295 357 1376 undique
388 1317 395 1352 ι
424 1317 485 1376 quae
509 1301 569 1374 jam
595 1315 656 1356 tum
681 1319 698 1356 a
722 1297 849 1359 Romulo
876 1300 913 1360 ad

233 1375 401 1453 Septimium
420 1379 545 1436 certatim
564 1378 678 1437 evolans
697 1377 822 1436 Bassiani
842 1401 913 1440 con·

231 1455 322 1526 siliis,
343 1474 488 1536 tamquam
509 1459 539 1516 in
547 1455 670 1518 'summo
692 1455 822 1518 constitit.
843 1460 912 1536 Quo

232 1555 268 1595 ne
299 1535 446 1598 confestim
477 1537 644 1609 laberetur,
671 1538 824 1598 Alexandri
849 1539 911 1602 fuit.

231 1614 347 1678 Abhinc
369 1617 446 1697 dum
462 1617 627 1678 dominandi
647 1617 702 1678 suis
722 1617 808 1700 quim
830 1618 910 1680 subi·

231 1699 318 1792 geracii
342 1711 471 1759 externos
497 1703 678 1780 cupientiores
705 1697 768 1760 sunt
790 1745 800 1770 ,
826 1719 854 1760 at
875 1723 910 1762 ue

230 1796 304 1838 rnter
322 1778 350 1838 se
372 1799 539 1856 armantur,
559 1783 649 1861 magis
666 1780 835 1842 'Romanum
854 1723 911 1842 aa·

230 1875 292 1918 tum
313 1862 392 1940 quasi
414 1861 534 1938 abrupto
555 1861 782 1941 praecipitavere,
802 1864 911 1924 immis-

230 1941 308 2018 sique
329 1942 359 1999 in
381 1939 534 2020 Imperium
554 1939 711 2020 prorniscue
731 1941 802 2002 boni
824 1944 909 2004 mali-

228 2039 307 2098 que,
327 2019 436 2079 nobiles
459 2039 542 2101 atque
560 2022 723 2115 ignobiles,
746 2043 778 2080 ac
797 2023 907 2084 Barba-

141 2159 143 2166 ,
228 2103 277 2159 rite
297 2103 388 2162 multi.
406 2101 483 2182 Quip
504 2122 518 2160 e
539 2102 587 2162 ubi
610 2105 714 2181 passim
735 2101 909 2184 confusaque

228 2185 351 2252 omnia,
375 2203 465 2263 neque
479 2123 531 2242 liro
556 2182 681 2242 feruntur
704 2183 821 2252 modo,
846 2189 910 2265 qui·

228 2281 283 2341 que
307 2261 349 2322 fas
370 2282 497 2342 putant,
526 2267 567 2323 uti
589 2283 636 2343 per
656 2263 794 2334 turbam,
813 2285 907 2345 rapere

228 2342 319 2402 aliena
341 2345 464 2413 officio,
490 2365 551 2424 quat
572 2364 667 2426 regere
691 2365 725 2404 ne
747 2364 832 2404 neunt
844 2389 854 2416 ,
879 2355 907 2406 δι

226 2421 373 2484 inscientia
395 2425 535 2483 bennum
554 2427 655 2484 artium
677 2366 752 2484 foll
774 2445 906 2485 corrum-

224 2523 303 2583 punt.
331 2501 374 2564 lta
404 2502 522 2564 fortuuae
551 2506 594 2566 vis
619 2506 762 2566 licentim
791 2510 905 2578 nasta,

224 2582 382 2663 perniciosi
398 2583 515 2644 libidine
529 2586 661 2650 mortales
679 2589 759 2668 agit,
779 2607 840 2668 quat
857 2587 907 2648 diu

225 2663 340 2746 quidem
357 2667 483 2734 virtute,
501 2669 542 2726 uti
556 2687 639 2726 muro
657 2665 819 2748 prohibita,
834 2665 913 2747 post-·

224 2765 311 2839 quam
336 2745 405 2824 pene
428 2767 527 2806 omnes
550 2749 664 2829 flagitiis
690 2745 905 2818 subtersunt,
955 2797 958 2804 .

225 2847 309 2920 enam
328 2824 447 2921 infirmis
469 2847 570 2912 genere
589 2826 771 2910 institutoque
793 2827 906 2910 publica

223 2926 355 2987 permisit.
