2142 3664
236 291 428 379 or'Vrrtrs
446 284 735 380 transcursus
767 315 832 398 189

193 427 263 488 XL.
284 427 399 488 Marcus
425 427 528 488 Atilius
552 427 678 510 Regulus
700 427 835 502 Consul,

154 507 221 568 fusis
247 509 407 570 Sallentinis
432 507 616 588 triumphavit
636 532 646 579 3
673 509 783 588 primus
801 531 835 570 ue

154 587 352 650 Romanorum
379 589 482 649 ducum
510 593 540 648 in
566 587 696 650 Africam
724 533 836 650 classem

65 677 74 746 3‘}
153 673 271 748 trajecit.
299 669 342 729 Et
362 666 485 750 quassati
507 670 542 729 de
565 670 728 730 Hamilcare
751 692 838 732 naves

154 751 255 831 longas
281 769 336 809 tres
360 760 387 810 δι
410 749 553 832 sexaginta
579 754 695 831 accepit.
720 751 837 831 Oppida

154 829 298 899 ducenta,
321 839 348 889 δι
368 827 518 890 hominum
540 829 661 890 ducenta
683 831 772 893 millia
794 853 839 892 σε·

64 917 66 938 ³
156 914 207 990 pit.
231 908 356 970 Absente
374 931 430 980 eo,
448 914 564 993 conjugi
582 915 678 990 ejus&
693 911 838 972 libetisob

151 1009 347 1072 paupertatem
379 989 504 1071 sumptus
530 992 640 1071 publice
667 991 734 1052 dati.
764 992 839 1056 Mox

56 1071 64 1134 s
157 1091 215 1130 arte
241 1069 399 1151 Xanthippi
432 1071 641 1132 Lacedaemonii
672 1076 837 1132 mercenarii

59 1207 63 1230 7
157 1153 257 1212 militis
274 1171 369 1232 captus
387 1175 417 1212 tn
434 1174 574 1212 carcerem
593 1149 696 1212 missus.
716 1153 838 1234 Legatos

158 1231 194 1291 de
216 1233 405 1312 permutandis
431 1237 546 1314 captivis
571 1234 696 1294 Romam
718 1231 837 1306 missus,

160 1312 227 1372 dato
249 1314 448 1393 jtuejutando,
467 1333 498 1374 ut
520 1317 544 1376 si
567 1335 625 1374 non
648 1312 838 1394 impertisset,

159 1395 199 1454 ita
213 1393 325 1456 demum
343 1396 465 1464 rediret,
485 1398 515 1456 in
529 1395 633 1455 Senatu
646 1395 838 1456 conditionem

153 1473 306 1547 dissuasit,
326 1475 488 1556 rejectisque
507 1474 524 1534 *a
544 1474 572 1534 se
590 1480 709 1558 conjuge
728 1485 754 1536 &
773 1477 841 1536 libe-

110 1595 115 1606 ·
161 1560 221 1630 ris,
242 1555 449 1640 Carthaginem
467 1553 600 1638 regressus
615 1579 625 1627 3
639 1557 688 1615 ubi
702 1559 731 1616 in
745 1578 841 1618 arcam

161 1637 287 1720 ligneam
310 1641 478 1716 conjedius,
504 1637 589 1698 clavis
616 1635 765 1694 introrsum
794 1637 842 1704 ad·

162 1721 252 1786 attis,
272 1719 376 1798 vigiliis
392 1740 424 1778 ac
443 1716 540 1778 dolore
560 1718 671 1794 punitus
689 1714 736 1775 est.
825 1749 828 1756 ι

204 1798 293 1858 XLI.
316 1797 455 1874 Quindius
468 1798 595 1856 Lutatius
609 1795 729 1857 Catulus
750 1798 842 1877 primo

59 1949 60 1955 p
163 1878 273 1944 Punico
299 1879 375 1938 bello
398 1881 525 1938 trecentis
551 1878 669 1937 navibus
695 1877 842 1942 adversim

59 1982 62 2006 τ
154 1961 267 2022 rPoritos
287 1959 449 2042 profestus,
471 1957 613 2021 sexcentas
636 1979 733 2020 eorum
758 1981 843 2022 naves

165 2043 370 2102 commeatibus
392 2051 419 2102 δι
437 2043 498 2102 aliis
519 2040 651 2100 oneribus
669 2041 843 2118 impeditas,

164 2123 235 2184 duce
248 2125 410 2185 Hamilcare
427 2122 501 2202 apud
513 2119 656 2203 AEgates,
679 2118 782 2188 insulas
798 2123 843 2183 irt-

163 2225 205 2270 tet
232 2205 356 2269 Siciliam
387 2213 414 2265 &
440 2201 592 2270 Africam,
618 2199 636 2258 d
672 2202 772 2272 restit,
796 2221 846 2262 aut

165 2288 263 2366 cepit,
290 2284 431 2364 finemque
461 2283 537 2342 bello
564 2282 708 2358 impouit.
741 2282 844 2348 Pacem

165 2368 321 2447 petentibus
343 2363 396 2424 hac
422 2363 584 2424 conditione
607 2363 768 2435 concessit,
794 2365 844 2424 Si·

166 2447 253 2518 cilia,
282 2445 433 2518 Sardiniit,
460 2455 487 2506 δι
515 2443 616 2504 caeteris
646 2440 741 2502 insulis
771 2445 845 2504 intra
874 2503 875 2507 ,

166 2528 279 2590 Italiam
294 2529 478 2606 Africamque
496 2523 685 2594 decederent,
706 2522 847 2606 Hispaniis
869 2581 872 2590 ,

168 2613 235 2670 citra
253 2609 391 2668 Hiberum
412 2607 587 2666 abstinerent.

210 2689 317 2750 xlii.
339 2645 849 2755 umntbatuamacamfims„110-

169 2793 235 2832 vem
263 2791 353 2831 annos
381 2787 487 2840 natus,
512 2767 529 2828 ὲ
555 2783 632 2848 patre
658 2764 712 2822 atis
742 2766 847 2826 admo-

171 2873 236 2930 tus,
257 2851 356 2918 odium
377 2852 407 2912 in
429 2849 577 2916 Romanos
600 2864 719 2924 perenne
739 2848 848 2924 juravit.
