2134 3668
236 313 302 394 176
373 304 501 376 Ans.
532 307 754 375 VrcToR

215 447 347 520 ιηιειςᾳοΙ
359 429 454 520 pretio·
471 425 595 486 dandum
615 426 720 505 populo
738 427 865 496 curavit,
882 447 914 486 ut

235 505 286 566 hac
310 505 411 585 injurii
437 507 514 586 plebs
544 529 627 566 aros
645 552 656 575 ‚
677 527 737 566 nort
763 504 915 568 seditiones

235 588 347 646 coleret.
367 587 448 668 Ergo
466 585 483 646 *a
501 528 635 648 Triiuno
654 587 742 667 plebis
755 587 848 647 Decio
867 588 915 648 die
1007 605 1012 624 ’

235 667 332 738 diua,
353 666 389 726 ad
407 665 530 728 Volscos
548 672 703 739 concessit,
723 665 826 749 eosque
843 667 916 728 duce

236 751 316 808 Attio
342 747 430 808 Tullo
458 747 587 810 adverstis
610 749 758 810 Romanos
784 751 913 808 concita-

235 833 276 889 vit
301 875 310 900 ,
337 837 364 888 &
392 829 428 890 ad
480 848 590 889 nattum
622 831 657 888 ab
683 830 762 890 Urbe
790 829 915 910 lapidem

186 973 188 977 ,
237 907 323 978 castra
341 907 442 990 posuit.
457 851 589 992 dirisque
607 910 690 970 nullis
711 913 815 970 civium
836 910 918 994 lega-

237 993 363 1050 tionibus
385 989 730 1062 flederetu1,*aVeturii
751 1010 865 1062 matre,
887 1001 916 1051 δε

238 1069 397 1132 Volumni&
414 1093 498 1132 uxore
518 1091 711 1132 matronarum
728 1093 848 1131 numero
866 1093 918 1132 co·

240 1152 339 1214 mirati
361 1173 453 1212 motus
465 1199 478 1223 ,
499 1150 600 1214 omillo
618 1152 716 1220 bello,
740 1172 772 1212 ut
791 1153 919 1232 proditor

239 1232 346 1298 occisus
359 1231 406 1292 est.
427 1234 472 1294 Ibi
489 1234 626 1315 templum
641 1233 769 1294 Fortunat
789 1235 920 1294 muliebri

241 1313 421 1376 constitutum
443 1311 490 1374 est.

280 1395 352 1455 XX.
377 1394 479 1454 Fabius
497 1394 649 1456 Ambustus
668 1417 701 1456 ex
720 1395 827 1456 duabus
848 1394 922 1455 filia-

241 1476 292 1536 bus
316 1477 433 1547 alteram
457 1477 568 1538 Licinio
589 1477 702 1538 Stoloni
721 1478 853 1556 plebeio,
873 1478 920 1536 al-

242 1576 331 1618 teram
358 1557 434 1616 Aulo
470 1558 595 1638 Sulpicio
623 1561 742 1637 patricio
770 1561 833 1636 conj
875 1579 922 1618 em

243 1639 329 1704 dedit.
349 1638 479 1714 Quarum
499 1639 608 1718 plebeia
622 1637 686 1699 etim
704 1636 828 1700 sororem
835 1578 925 1698 udaln-

244 1739 342 1790 taret,
365 1724 441 1798 cujus
467 1721 510 1781 vir
529 1718 673 1781 Tribunus
695 1721 823 1780 militaris
848 1741 922 1778 cou-

244 1788 329 1862 sulari
346 1797 479 1878 potestate
500 1820 580 1871 erat,
603 1798 690 1862 fasces
708 1802 833 1860 littorias
851 1799 925 1862 fori·

245 1879 297 1938 bus
311 1881 451 1960 appositos
470 1880 629 1940 indecenter
647 1884 765 1962 expavit.
783 1883 811 1940 A
829 1879 926 1940 sorore

244 1957 349 2029 irrisa,
370 1963 472 2020 marito
495 1961 590 2041 questa
614 1960 653 2020 est
675 1985 682 2020 t
704 1965 754 2042 qui
777 1961 927 2040 adjuvante

144 2041 147 2048 ’
246 2037 363 2116 socero,
388 2041 552 2120 ut-primiim
572 2043 743 2108 tribunatum
757 2043 846 2121 plebis
870 2042 925 2101 ad-

247 2118 349 2202 gress'us
372 2119 432 2190 est,
452 2122 545 2206 legem
568 2124 653 2193 tulit,
675 2143 706 2182 ut
725 2123 793 2182 alter
816 2121 928 2182 Consul

248 2222 281 2260 ex
303 2203 383 2283 plebe
407 2223 550 2264 crearetur.
572 2205 651 2272 Lex,
673 2201 811 2263 resistente
831 2205 928 2282 Appio

247 2275 394 2352 Claudio,
417 2283 474 2342 lata
491 2303 610 2354 tamen3
633 2293 660 2344 &
680 2287 785 2364 primus
803 2285 930 2342 Licinius

249 2362 331 2422 Stolo
354 2361 465 2423 Consul
488 2363 586 2428 fabius.
606 2363 686 2426 Idem
707 2365 801 2447 legem
825 2359 929 2434 scivit'⁹

249 2463 285 2502 ne
308 2445 353 2501 cui
394 2443 486 2502 lebeio
504 2445 564 2523 plus
603 2448 737 2542 ningenta
755 2449 853 2526 jugera
867 2447 930 2527 agri

250 2521 352 2580 habere
374 2465 476 2584 liceret.
498 2526 537 2584 Et
557 2467 614 2604 ipie
639 2547 702 2588 cum
723 2531 818 2608 jugera
840 2529 929 2605 quin-

250 2623 334 2684 genta
358 2599 473 2662 haberet
493 2651 505 2674 ,
526 2615 553 2674 &
578 2606 664 2666 altera
687 2609 856 2686 emancipari
879 2604 932 2666 filii

250 2687 366 2744 nomine
388 2683 563 2764 possideret,
587 2689 617 2746 in
637 2687 772 2764 judicium
793 2705 932 2756 uocatus,

251 2773 277 2826 &
296 2767 400 2844 primus
422 2770 552 2826 omnium
571 2763 619 2826 sui
639 2767 702 2849 lege
723 2770 835 2865 punitus
854 2765 901 2826 est.

260 2926 263 2934 Ι
290 2844 381 2907 ΧΧΙ.
396 2846 518 2928 Populus
537 2847 685 2910 Romanus
702 2870 766 2908 cum
785 2845 934 2907 seditiosos
