2142 3664
235 325 304 392 234
377 299 500 372 Aua.
528 295 744 372 Vrct'on

275 419 334 482 lx.
352 419 418 480 Hoc
439 422 507 481 item
528 441 561 479 ex
582 440 683 502 genere
699 416 915 500 Vespasianus,

234 501 345 562 sandius
363 503 482 572 omnia,
502 500 640 562 facundia
658 499 734 560 haud
752 521 837 584 egens
849 523 917 581 pro-

235 583 345 642 mendis
373 603 434 664 quae
460 579 609 654 senserat,
641 581 811 665 exsanguem
835 581 916 654 diu,

236 661 389 744 sellumque
416 681 549 724 terrarum
577 663 675 722 orbem
703 664 782 724 brevi
809 662 917 723 refecit.

235 746 371 826 Namque
382 743 503 826 primum
518 743 650 805 satellites
663 744 841 826 tyrannidis,
863 746 919 804 nisi

237 828 287 906 qui
307 825 379 886 forte
397 829 516 886 atrocius
536 825 622 908 longe
640 822 845 906 ptocefferant,
866 828 919 884 fle-

236 911 310 968 stete
328 906 557 988 potirismaluit,
580 903 666 988 quam
683 909 854 967 excruciatos
872 905 920 966 de-

237 989 292 1048 lere
311 1011 317 1046 ε
339 988 550 1069 prudentissimi
573 1005 672 1058 ratus,
697 987 804 1048 nefaria
827 990 918 1048 mini-

238 1067 318 1129 steria
334 1067 350 1128 ‘a
368 1070 490 1150 pluribus
508 1089 585 1128 metu
603 1071 700 1128 curari.
722 1070 798 1130 Dein
819 1075 922 1148 conju-

238 1152 381 1210 rationum
403 1151 505 1210 multas
530 1149 641 1213 scelere,
657 1152 748 1212 inulto
773 1149 922 1210 abscedere

240 1231 397 1312 patiebatur
414 1254 424 1302 3
453 1234 595 1303 comiter,
623 1232 664 1292 uti
689 1251 775 1302 erat,
799 1229 944 1300 stultitiae,

242 1333 386 1395 arguens,
415 1314 464 1393 qui
499 1315 660 1394 ignorarent
677 1331 800 1396 ¹quanta
832 1314 923 1374 moles

241 1391 425 1473 molestiaque
446 1396 565 1474 imperio
589 1391 711 1454 inellent.
735 1395 827 1456 Simul
845 1395 925 1454 divi-

241 1477 286 1536 nis
306 1473 414 1534 deditus
431 1477 575 1556 [quorum
594 1497 659 1534 veta
676 1475 814 1556 plerisque
833 1498 868 1536 ne
890 1498 925 1535 o-

242 1559 288 1616 tiis
311 1558 516 1636 compererat]
540 1553 702 1617 succeslbres
723 1555 830 1617 fidebat
852 1497 926 1617 lile-

244 1659 290 1698 ros
310 1638 413 1698 Titum
436 1660 469 1698 ac
485 1638 685 1698 Domitianum
704 1637 772 1700 fore.
792 1637 926 1699 Praetered

244 1721 356 1800 legibus
383 1721 559 1800 aequissimis·
582 1719 759 1790 monendo,
792 1719 927 1802 quodque

244 1799 438 1862 vehementius
472 1799 541 1872 est,
573 1803 637 1861 vitae
670 1799 759 1880 specie
790 1803 927 1862 vitiorum

242 1883 324 1962 plura
337 1882 506 1942 aboleverat.
522 1879 663 1942 Infirmitis
676 1901 793 1954 tamen,
811 1885 852 1942 uti
865 1883 929 1965 qui·

246 1963 313 2022 dam
355 1963 421 2023 rave
444 1981 564 2042 putant,
586 1961 731 2024 adversum
756 1966 928 2045 pecuniam3

247 2043 311 2103 erim
331 1985 397 2106 latis
416 2041 541 2117 constet,
560 2047 647 2105 aetarii
670 2046 786 2126 inopis,
800 2067 841 2105 vac
864 2047 929 2106 labe

247 2125 359 2187 urbium
383 2172 392 2198 ,
423 2147 513 2187 ,novas
545 2147 609 2187 eum
640 2147 730 2209 neque
764 2127 930 2208 aliquandiu

249 2207 344 2287 poste‘a
362 2205 494 2278 habitas,
516 2211 589 2269 vesti
612 2210 698 2268 alium
716 2209 864 2288 pensiones
885 2230 932 2269 ex-

249 2287 398 2370 quisiville.
428 2289 506 2350 Nam
529 2311 563 2350 ue
591 2231 691 2350 ldomae
717 2289 931 2368 Capitolium,

250 2370 329 2452 quod
362 2311 542 2454 conflagrllle
568 2369 647 2449 supra
677 2372 931 2444 memoravimus,

251 2451 322 2512 aedes
337 2453 443 2522 Pacis,
472 2450 589 2512 Claudii
610 2467 823 2517 monumenta,
851 2451 931 2510 Arn-

252 2531 403 2613 phitheatri
425 2549 504 2592 tanta
527 2533 595 2600 vis,
617 2528 766 2669 multaetpue
791 2529 875 2602 aliae,
899 2553 933 2593 ac

254 2613 346 2674 forum
368 2632 458 2694 coepta
479 2633 511 2671 ac
532 2631 649 2692 patrata.
669 2611 715 2672 Ad
738 2633 771 2672 uc
793 2632 841 2694 per
862 2634 932 2673 orn-

241 2717 303 2756 nes
321 2715 425 2764 terras‚
449 2691 505 2774 qui
518 2697 562 2773 jus
581 2693 745 2754 Romanum
761 2691 822 2764 est,
845 2715 933 2756 reno-

254 2795 325 2836 vatae
340 2775 422 2836 urbes
438 2775 515 2835 cultu
529 2779 664 2860 egregio,
680 2777 787 2856 sieque
804 2777 936 2856 operibus

256 2858 387 2918 maximis
413 2859 552 2932 munitae,
581 2867 608 2920 δι
634 2858 726 2921 cavati
749 2875 869 2926 montes,
887 2877 936 2939 per
