2134 3668
210 308 265 358 nr
281 290 320 358 V
317 307 400 360 rurs
416 305 704 361 rinusrmnun
736 311 801 374 ¹77

122 407 300 550 maggsttams
315 408 387 469 ferre
405 430 464 468 non
481 404 587 487 pollet,
600 409 803 470 Decem-viros

122 492 181 574 legi
203 512 233 550 us
245 489 397 550 scribendis
411 491 537 558 creavit,
558 491 606 570 qui
620 509 666 549 eas
679 510 712 548 ex
724 489 804 549 libris

122 571 235 632 Solonis
258 573 422 640 transsatas,
444 567 594 630 duodecim
613 569 731 630 Tabulis
754 591 805 630 ex·

122 651 281 732 posuerunt.
312 651 369 712 Sed
397 649 462 710 crim
489 653 572 730 padio
599 649 804 713 dominationis

122 731 316 816 magistratum
329 733 386 792 sibi·
395 749 580 814 prorogarem
594 776 603 802 ,
627 753 696 792 unus
710 753 743 792 ex
757 729 803 792 his
900 769 903 774 ι

115 811 231 893 ¹Appius
243 811 381 872 Claudius
389 813 555 892 Virginiam
567 856 576 882 ,
589 813 717 896 Virginii
727 811 805 874 Cen·

122 897 241 954 tutionis
252 891 341 954 filiam
353 937 365 962 ,
383 895 413 952 in
428 890 536 974 Algido
548 891 694 954 militantis
706 937 717 961 ,
733 892 805 955 ada·

123 978 219 1034 mavit.
234 974 332 1051 Quam
353 971 417 1032 crim
437 992 612 1053 corrumpere
622 995 680 1033 non
694 970 804 1054 pollet,

121 1055 254 1114 clientem
273 1051 436 1114 subornavit
450 1098 459 1124 ,
473 1053 524 1134 qui
536 1073 600 1114 eam
611 1055 642 1112 in
659 1051 804 1115 servitium

122 1129 306 1216 deposcerem
323 1133 406 1196 facile
424 1137 567 1203 virtutus,
581 1131 644 1194 crim
663 1131 721 1214 ipse
739 1131 807 1195 effer

122 1225 151 1276 &
169 1214 336 1285 accusator,
356 1223 384 1276 δι
400 1213 493 1292 judex.
512 1215 595 1274 Pater
613 1236 642 1274 re
663 1213 802 1298 cogniti,

122 1293 189 1356 crim
207 1294 268 1376 ipso
289 1295 335 1356 die
355 1295 452 1375 judicii
472 1292 687 1375 supervenisset,
711 1305 739 1356 δι
763 1294 802 1354 fi-

120 1377 191 1438 liam
214 1383 272 1457 jam
298 1377 439 1437 addistam
460 1376 568 1436 videret
587 1423 598 1448 ‚
619 1377 721 1436 ultimo
744 1382 803 1456 ejus

121 1457 258 1538 adloquio
274 1461 445 1538 impetrato,
459 1455 601 1518 ulmeam
617 1459 648 1517 in
665 1455 803 1518 secretum

119 1537 295 1610 abduxisset,
311 1537 416 1597 occidit
429 1561 438 1608 ς
453 1547 480 1598 &
497 1559 546 1596 cot
565 1559 597 1598 us
610 1543 669 1617 ejus
684 1535 802 1598 humero

122 1639 243 1702 gerens,
265 1617 299 1680 ad
319 1621 470 1678 exercitum
490 1639 541 1698 pro
575 1621 638 1700 git,
653 1626 681 1677 &
698 1619 800 1680 milites

121 1700 160 1760 ad
194 1699 395 1760 vindicandum
421 1697 529 1758 facinus
560 1697 724 1766 accendir,
752 1699 805 1780 qui

121 1781 221 1840 creatis
245 1780 341 1842 decern
366 1778 499 1838 Tribunis
518 1777 691 1839 Aventimun
711 1793 809 1844 occu-7

121 1859 244 1942 pluunt,
265 1861 469 1922 Decem-viros
488 1859 619 1920 abdicare
638 1857 674 1936 se¹
688 1858 804 1944 magis-

122 1961 195 2002 tratu
208 1961 413 2024 preceperunt,
427 1939 529 2023 eosque
541 1961 639 2000 omnes
650 1959 697 2000 aut
709 1961 803 2001 morte

117 2043 170 2084 aut
193 2024 290 2084 exsilio
309 2025 463 2104 punierunt.
484 2023 591 2104 Appius
611 2019 748 2082 Claudius
770 2025 801 2086 io
831 2021 833 2033 ⁴

121 2123 229 2164 carcere
248 2123 361 2164 necatus
380 2101 427 2162 est.

162 2184 257 2245 XXII.
271 2185 396 2244 Romani
413 2183 452 2242 ob
465 2180 649 2262 pestilentiam
667 2179 802 2262 responso

122 2283 280 2335 monente,
307 2263 343 2324 ad
363 2261 560 2342 AEsculapium
583 2259 727 2342 Epidauro
750 2283 799 2323 ar·

122 2343 281 2406 ceffendum
295 2344 392 2404 decem
402 2345 509 2428 legatos
519 2345 642 2424 principe
643 2342 691 2482 13
705 2341 801 2427 Ogul-

122 2429 173 2486 nio
199 2423 342 2487 miserunt.
363 2425 423 2502 Qui
442 2422 506 2484 crim
527 2421 563 2484 eb
587 2425 650 2484 ven'
674 2443 745 2493 ent,
772 2433 800 2485 δι

122 2507 301 2566 simulacrum
314 2510 414 2588 ingens
425 2509 590 2566 mirarentur
601 2549 611 2575 ,
623 2506 721 2588 anguis
732 2506 748 2564 ὲ
759 2503 801 2565 se-

122 2587 207 2648 dibus
220 2591 277 2665 ejus
290 2585 414 2666 elapsus,
427 2585 594 2646 venerabilis
607 2631 616 2656 ,
635 2607 695 2646 non
708 2583 801 2646 horri-

119 2667 209 2736 bilis,
223 2687 271 2746 per
286 2666 408 2726 mediam
422 2668 520 2726 urbem
535 2689 599 2726 cum
613 2665 800 2726 admiratione

122 2751 254 2808 omniurn
284 2747 320 2805 ad
345 2767 446 2806 navem
467 2747 629 2808 Romanam
654 2748 800 2826 perrexit,

123 2838 151 2890 δι
171 2826 200 2890 se
226 2830 256 2892 in
277 2827 399 2912 Ogulnii
417 2827 599 2906 ‚tabenaculo
611 2824 798 2968 {lonspiravitt

663 2928 681 2968 v
