2060 3662
278 347 461 417 Lrnttn
486 347 592 416 IV.v
717 373 763 437 49
800 345 803 350 “

88 464 217 550 prosperi
228 463 244 524 *a
255 462 429 527 Consulibus
433 463 517 608 gesta
529 463 592 526 sunt
602 486 609 524 ε
619 485 670 528 nec
681 469 767 549 quid-

88 570 176 631 quarn
200 549 292 631 magis
314 548 360 607 vel
384 547 432 606 Ha
447 547 573 620 drubal,
597 549 643 608 tel
661 549 767 612 Fumea

88 630 235 700 vitabant,
258 625 343 709 quim
368 648 463 687 contra
484 650 547 689 earn
569 629 767 691 Romanorum

89 731 198 793 partem
211 711 407 780 committere,
425 709 475 768 ubi
488 711 584 789 Scipio
603 709 767 772 dimicabat.

131 793 188 852 XI.
215 792 268 850 Pet
292 789 368 849 idem
391 807 500 870 tempus
528 789 696 862 Masinissa,
720 814 770 854 tex

89 872 300 942 Numidarum,
311 892 359 951 per
372 893 460 932 annos
472 870 617 956 sexaginta
627 871 684 932 fere
694 877 770 934 ami·

90 976 139 1015 cus
155 953 411 1033 PopuliRomani,
424 975 498 1012 anno
514 955 577 1014 vitae
593 950 647 1012 sua
664 975 770 1018 xcvrt.

65 1103 69 1110 ,
91 1055 239 1104 mortuus,
258 1032 444 1114 quadraginta
466 1052 585 1114 quatuor
604 1032 669 1094 filiis
687 1037 771 1094 relic-

91 1121 146 1186 tis,
166 1116 328 1194 Scipionem
346 1112 496 1176 divisorem
513 1116 594 1198 tegni
608 1116 678 1176 inter
698 1114 774 1178 filios·

92 1195 146 1260 elle
168 1199 254 1276 jussit.

136 1278 203 1338 XII.
228 1273 306 1339 Cdm
325 1280 411 1362 igitur
430 1279 536 1340 clarum
556 1277 603 1340 Sci
623 1281 697 1340 ionis
719 1302 773 1341 no·

94 1381 163 1420 men
178 1356 382 1440 effet,.juvenis
399 1359 511 1432 adbuc,
532 1299 644 1422 Coniul
664 1359 703 1420 est
715 1361 774 1422 fac·

95 1461 157 1512 tus,
173 1445 310 1502 br'oontta'
325 1440 534 1525 Carthaginem
546 1439 648 1502 milIns.
665 1442 693 1504 Is
707 1465 773 1504 earu

94 1525 186 1604 cepit,
210 1544 244 1583 ac
262 1521 346 1582 dituit
366 1547 372 1580 :
392 1523 481 1603 spolia
499 1525 541 1582 ibi
556 1526 691 1596 inventa,
712 1545 775 1607 qux

94 1607 238 1666 variarum
258 1605 404 1664 civitatum
420 1604 535 1663 excidiis
552 1603 701 1687 Carthago
716 1608 775 1666 col·

94 1688 224 1768 legerat3
243 1693 271 1744 st
291 1705 456 1744 ornamenta
470 1685 601 1755 urbium,
617 1687 777 1748 civitatibus

96 1767 219 1837 Sicilia,
239 1765 346 1837 ltalia,
365 1764 468 1836 Africae
484 1764 625 1835 reddidit,
648 1787 709 1848 quae
725 1765 774 1828 sua

95 1843 346 1931 recognoscebant.
365 1847 409 1908 Ita
425 1844 591 1930 Carthago,
603 1868 672 1908 occ
698 1871 775 1910 anno

97 1928 247 2012 postquim
266 1927 379 1988 condita
400 1949 474 2000 erat,
495 1927 584 1988 deleta
608 1927 655 1989 est.
678 1930 776 2011 Scipio

96 2031 206 2090 nomen
219 2055 227 2081 ,
240 2009 318 2092 quod
328 2030 395 2071 atus
406 2015 463 2089 ejus
477 2029 639 2089 accepetat,
654 2014 776 2070 meruitt

98 2092 207 2152 scilicet
219 2111 250 2151 ut
259 2111 370 2172 propter
384 2094 515 2151 virtutem
528 2093 615 2150 etiam
626 2090 684 2172 ipse
698 2091 778 2151 Afri·-

99 2195 188 2236 canut
205 2173 304 2234 Iunior
320 2191 474 2234 vocaretur.
521 2197 526 2206 ·

110 2288 114 2299 ·
144 2255 241 2314 XIII.
263 2254 379 2315 Interim
398 2256 435 2313 ,in
459 2251 633 2313 Macedonii
669 2253 790 2326 uidam·

100 2332 369 2416 Pseudo-philippus
391 2355 469 2394 arma
486 2336 595 2406 movit,
617 2339 645 2395 δὲ
696 2357 781 2397 oma-

101 2439 173 2480 num
185 2418 353 2488 Praetoreut,
367 2416 498 2476 Publium
510 2417 672 2478 Iuventium
683 2461 692 2490 ,
703 2439 777 2478 con-

101 2519 147 2562 tta
176 2497 205 2559 se
229 2495 363 2569 millum,
390 2496 426 2558 ad
453 2500 673 2559 internecionem
702 2503 783 2560 vicit.

102 2578 171 2640 Post
181 2601 246 2640 eum
261 2578 444 2656 Q.·Caecilius
454 2579 607 2650 Metellus,
618 2579 674 2640 dux
687 2577 703 2640 *a
714 2581 781 2641 Ro-

104 2664 199 2724 manis
209 2679 306 2720 contra
315 2657 603 2741 Pseudo-philippum
618 2657 712 2720 niilsus
727 2661 784 2734 est,

106 2752 133 2803 δι
144 2745 246 2826 viginti
257 2743 381 2824 quinque
392 2741 517 2801 millibus
532 2762 565 2800 cr
580 2742 715 2802 militibus
725 2747 786 2821 ejus

107 2826 226 2897 occisis,
242 2821 448 2884 Macedoniam
459 2823 578 2902 recepit,
591 2823 683 2902 ipsum
697 2825 795 2882 etiam*
809 2827 811 2831 ’

109 2902 415 2987 Pseudo-philippum
442 2905 472 2963 in
507 2897 672 2984 potestatem
705 2901 783 2964 suum

112 2986 250 3072 redegit'
