2110 3666
221 315 286 380 332
335 249 468 360 Aut.
498 289 777 359 Vrcronrs

216 410 313 492 aspera
332 410 448 489 jubebat
469 432 477 466 t
502 409 580 490 quod
609 405 672 467 edm
699 411 808 491 pigeret
837 407 902 468 sac·

218 511 300 562 tum,
318 487 444 561 differri,
461 511 523 570 quae
541 485 726 570 precepisset,
743 491 773 547 in
790 508 902 568 ternpus

218 571 345 632 sobrium
364 593 397 630 ac
417 573 588 629 matutinum
611 568 714 630 statuit.
743 570 903 628 Alexander

220 648 274 712 fuit
291 651 385 732 Phryx
410 653 539 732 origine,
558 653 674 734 ingenio
695 650 832 720 timidus,
855 653 904 709 in-

219 733 304 792 ferior
323 731 450 794 adversus
465 731 594 792 laborem
616 733 687 792 vitio
707 729 822 791 senestae
838 749 904 791 aeta-

220 815 264 873 tis.

261 891 340 952 XLI.
364 892 418 952 His
438 893 571 954 omnibus
590 892 763 972 absumptiS,
786 891 905 971 Imperii

219 977 279 1052 jura
299 995 382 1053 penes
405 972 625 1042 Constantinum
644 983 670 1034 δι
691 971 833 1032 Licinium
856 973 905 1032 de-

222 1055 331 1114 venere.

262 1134 464 1196 Constantinus
488 1133 650 1214 Constantii
673 1135 852 1215 Imperatoris
875 1143 905 1195 δε

221 1213 338 1275 Helena:
364 1213 463 1284 lilius,
493 1219 642 1296 imperavit
670 1218 750 1275 annis
777 1219 903 1300 triginta.

221 1294 280 1354 Hic
308 1296 376 1354 dum
406 1299 565 1359 iuvenculus
593 1295 609 1354 xa
633 1297 751 1356 Galerio
777 1298 807 1354 in
835 1297 927 1356 urbe·

222 1374 317 1434 Romi
342 1376 485 1456 religionis
511 1375 601 1455 specie
629 1375 711 1436 obses
735 1395 902 1453 teneretur,

223 1454 322 1538 fugam
340 1457 494 1536 arripiens,
517 1465 600 1537 tque
619 1457 655 1516 ad
677 1456 846 1516 frustrandos
862 1460 906 1516 in-

223 1534 388 1616 sequentes,
408 1539 518 1614 publica
545 1543 691 1614 jumenta,
719 1535 832 1618 quaqult
852 1540 906 1596 iter

224 1637 336 1698 egerat,
354 1617 512 1688 interfecit,
529 1627 556 1678 &
572 1618 608 1677 ad
623 1637 728 1696 patrem
747 1621 777 1676 in
792 1619 906 1677 Britan-

223 1701 302 1756 niam
330 1702 479 1778 pervenit3
507 1709 534 1758 &
564 1697 637 1758 sorte
664 1697 774 1758 hisdem
805 1699 905 1758 diebus

225 1779 332 1838 ibidem
351 1779 549 1841 Constantium
567 1799 708 1861 parentem
728 1779 786 1838 fata
804 1781 907 1840 ultima

225 1860 419 1942 perurgebant.
448 1861 515 1936 Quo
546 1881 687 1932 mortuo,
718 1863 824 1920 cundiis
855 1863 906 1941 qui

225 1940 341 1999 aderant
362 1941 570 2012 annitentibus,
591 1939 639 2001 sed
657 1943 791 2042 praecipu‘e
811 1941 907 2002 Eroco

226 2021 451 2080 Alamannorum
463 2042 543 2104 rege,
556 2023 652 2080 auxilii
667 2023 756 2104 gratia
768 2020 909 2083 Constan-
960 2079 962 2084 .

227 2104 299 2160 tium
326 2104 483 2172 comitato,
508 2105 656 2182 imperium
682 2106 765 2181 capit.
784 2103 842 2161 Hic
860 2101 908 2161 so·

228 2203 320 2240 rorem
343 2181 421 2241 suam
443 2181 640 2243 Constantiam
664 2184 776 2240 Licinio
796 2183 911 2242 Medio·

227 2263 325 2322 lanum
351 2265 441 2322 accito
466 2267 636 2346 conjungit3
660 2261 804 2364 filiumcpue
827 2262 910 2324 suum

229 2342 363 2422 Crispum
391 2345 533 2413 nomine,
564 2366 597 2402 ex
617 2345 780 2403 Minervina
805 2365 911 2403 concu-

223 2423 298 2483 -binal
316 2422 492 2503 susceptum,
507 2425 576 2484 item
594 2423 836 2494 Constantinum,
851 2421 912 2483 his-

229 2505 295 2564 dem
314 2505 411 2564 diebus
427 2523 525 2562 natum
544 2505 649 2585 oppido
667 2505 840 2576 Arelatensi,
859 2505 912 2565 Li-

230 2587 399 2665 cianumque
423 2583 527 2644 Licinii
551 2583 666 2656 filium,
689 2587 827 2644 mensium
852 2584 912 2644 fere

230 2668 353 2748 viginti,
372 2663 496 2726 Caesares
514 2663 615 2747 effecit.
636 2664 744 2726 Vertlm
765 2663 912 2726 enimverb

232 2767 262 2804 ut
275 2748 394 2824 Imperia
407 2745 520 2806 difficile
532 2747 713 2807 concordiam
723 2745 912 2818 constituunt,

232 2827 382 2890 discidium
406 2830 478 2891 inter
506 2829 649 2912 Licinium
677 2825 916 2890 Constantinum·
