2142 3664
270 351 337 401 Dte
362 335 724 404 ‘CAEsAnruun
757 357 820 419 273

147 449 204 508 lem
218 451 349 520 intuens,
370 449 550 509 obtestaretur
564 452 724 544 ,uignarum
740 450 825 510 cladis

146 529 315 591 Numeriani
336 576 345 602 ,
368 551 458 611 neque
481 531 596 609 Impern
618 533 775 611 cupientem
798 531 826 592 se
913 529 917 538 ’

146 606 246 682 fuille,
261 613 370 692 Aprum
382 613 507 691 proxime
524 611 657 672 astantem
670 614 726 672 istu
737 612 825 672 trans·

146 695 228 775 egit,
256 698 333 772 cujus
364 692 453 764 dolo,
479 694 520 752 uti
546 690 626 771 supra
654 694 823 765 docuimus,

146 771 308 834 adolescens
343 773 433 834 bonus
465 772 606 853 facundus
622 795 656 833 ue
681 783 710 846 &¹
740 796 825 858 gener

145 855 296 914 occiderat.
319 853 435 915 Caeteris
455 853 538 914 venii
559 854 647 924 data,
671 858 825 936 fetentique

146 933 270 996 hostium
290 935 347 994 fere
364 955 462 994 omnes
477 980 486 1005 ,
504 957 535 994 ac
556 935 679 994 maxime
697 939 740 995 vir
757 938 827 996 insi-

148 1019 211 1098 gnis
241 1015 414 1076 Aristobulus
439 1015 585 1076 Praefeeius
618 1017 750 1075 Ptaetorio
779 1038 827 1098 pet

148 1097 246 1156 officia·
260 1095 317 1157 sua.
339 1098 410 1174 Quae
432 1119 474 1156 res
493 1095 553 1176 post
575 1098 743 1156 memoriam
766 1095 823 1157 hu-

149 1199 264 1236 manam
286 1199 360 1238 nova
382 1197 465 1258 atque
486 1178 668 1258 inopinabilis
689 1177 765 1248 fuit,
788 1181 828 1238 ci-

109 1268 112 1274 '
148 1259 199 1318 vili
219 1258 471 1336 bello„fottunis‚
489 1258 588 1331 lama,
607 1259 744 1342 dignitate
761 1256 827 1340 spo-

146 1340 247 1398 liatum
261 1342 425 1411 neminem,
441 1339 505 1398 etim
519 1341 563 1420 pie
578 1339 732 1401 admodum
747 1361 827 1402 man-

148 1418 279 1502 suetique
300 1424 358 1504 geri
380 1423 525 1492 laetemur,
547 1423 665 1492 exsilio,
687 1420 825 1502 proscrip-

147 1504 241 1574 tioni,
263 1521 291 1562 at
314 1523 346 1560 ne
369 1504 455 1560 etiam
484 1499 624 1582 suppliciis
652 1511 679 1561 &
706 1503 827 1562 caedibus

147 1585 268 1642 modum
288 1524 356 1639 lieri.
381 1582 460 1656 Quid
479 1601 511 1639 ea
530 1587 709 1652 memorem,
730 1581 825 1641 adsci-

149 1660 216 1720 ville
234 1660 376 1720 consortio
389 1662 493 1720 multos
510 1658 712 1741 externosque,
730 1663 828 1722 tuendi

151 1741 345 1822 prolatandive
363 1740 453 1823 graula
470 1742 542 1802 luris
560 1741 707 1801 Romani?
728 1743 825 1803 Nam-

150 1843 206 1902 que
228 1823 279 1882 ubi
296 1823 432 1902 comperit
447 1822 548 1884 Carini
565 1819 679 1883 discellu
691 1868 710 1894 ‚.
725 1823 825 1885 AElia-

150 1925 219 1964 num
250 1903 469 1985 rimandumque
502 1924 550 1983 per
581 1905 707 1966 Gallium
738 1906 827 1966 exciti

149 2006 237 2045 manu
259 1984 406 2069 agrestium
432 2007 465 2046 ac
490 1985 653 2058 latronum,
675 2007 746 2067 quos
766 1989 825 2047 Ba·

149 2067 256 2149 gaudas
266 2067 365 2126 incolae
375 2085 479 2126 vocant
491 2111 500 2138 ,
515 2068 653 2146 populatis
665 2067 721 2125 late
733 2070 826 2150 agris,

148 2145 292 2228 plerasque
321 2147 433 2206 urbium
459 2165 588 2217 tentare,
616 2148 826 2208 Maximianum

150 2225 244 2288 statim
263 2225 351 2288 fidum
371 2225 518 2297 amicitiis,
543 2247 718 2308 quamquam
737 2226 825 2288 semi-

150 2306 313 2392 agrestem,
345 2308 451 2367 militiae
477 2326 573 2368 tamen
602 2327 630 2368 at
652 2329 685 2367 ue
711 2310 828 2392 ingenio

151 2390 283 2461 bonum,
306 2389 508 2470 Imperatorem
529 2388 616 2466 jubet.
672 2393 716 2450 uic
735 2389 829 2476 posted

152 2472 228 2530 cultu
258 2472 410 2542 numinis,
441 2471 573 2530 Herculei
606 2491 829 2554 cognomentum

151 2554 288 2623 accessit3
307 2553 349 2613 uti
364 2551 483 2610 Valerio
496 2553 611 2613 lovium
629 2575 635 2609 :
651 2553 726 2612 unde
743 2556 829 2613 etiam

152 2633 320 2692 militaribus
335 2633 444 2691 auxiliis
454 2633 540 2714 longe
556 2635 585 2692 in
601 2635 751 2693 exereitum
764 2655 831 2713 ptae-

151 2712 288 2772 stantibus
305 2733 411 2772 nomen
427 2714 600 2792 impositum.
613 2713 669 2774 Sed
682 2714 830 2774 Herculius

152 2797 183 2852 in
203 2794 341 2854 Galliam
353 2792 513 2873 profedtus,
529 2792 605 2853 'fusis
632 2791 757 2854 hostibus
782 2813 830 2854 aut

152 2877 297 2956 acceptis,
321 2877 416 2956 quieta
437 2875 536 2936 omnia
561 2875 828 3014 brevihpatraverat.

442 2971 443 2975 ,
544 2965 546 2975 1
694 2967 728 3017 v*
