2060 3662
244 373 288 438 30
419 346 737 416 Evrnoera

242 469 335 548 liquos
353 487 473 534 errantes
490 488 537 547 per
556 465 721 538 Numidas,
740 487 812 547 quos
830 467 859 528 in
877 487 930 527 an—

242 549 342 608 xilium
357 545 501 619 hahebat,
522 549 661 632 collegit,
683 557 710 608 ὃ(
727 547 853 608 Romam
871 548 928 608 de-

243 629 323 689 duxit
341 631 451 712 ingenti
467 627 572 710 pompis
588 675 597 700 ,
620 627 684 688 caim
699 647 811 688 centum
827 638 854 690 &
870 632 928 688 tri-

243 712 324 794 ginta
339 708 552 792 elephantorum
567 731 697 770 numerus
710 713 810 770 omnia
826 711 930 772 itinera

243 791 406 872 compleret.
423 788 489 852 Post
506 789 564 851 haec
582 792 657 852 mala
676 790 930 875 Carthaginienses

229 872 387 956 Regulum
408 872 532 944 ducem,
555 894 641 954 quem
662 891 813 954 ceperant,
836 875 930 954 petie-

244 973 330 1026 runt,
346 973 375 1014 ut
387 954 513 1014 Romam
527 951 766 1034 proficisceretur,
783 963 810 1014 &
827 973 928 1034 pacem

244 1032 261 1096 ia
282 1035 420 1096 Romanis
444 1036 607 1108 obtineret,
631 1055 664 1096 ac
687 1037 924 1117 permutationem

243 1119 420 1199 captivorum
439 1115 551 1178 faceret.
573 1179 575 1186 ,
654 1179 658 1187 ,
974 1177 976 1184 ,

285 1197 403 1258 XXV.
425 1197 476 1257 llle
493 1199 618 1259 Romam
635 1197 700 1258 crim
716 1193 831 1260 venisset
849 1243 860 1269 ,
878 1199 925 1258 in-

247 1279 346 1340 ducias
363 1282 393 1340 in
409 1279 566 1352 Senatum,
590 1275 663 1340 nihil
678 1283 759 1362 quasi
777 1279 926 1340 Romanus

246 1363 328 1444 egit:
344 1359 491 1442 dixitque,
511 1361 548 1422 Se
564 1384 598 1422 ers
613 1363 666 1421 illa
682 1363 748 1432 die,
769 1363 821 1440 qud
833 1361 864 1421 ira
875 1383 929 1436 po-

246 1445 365 1524 testatem
385 1441 518 1522 Afrorum
540 1439 676 1516 ventilet,
702 1443 856 1504 Romanum
879 1441 929 1516 effe

247 1522 362 1598 desirffe.
383 1523 426 1584 Ita
448 1545 482 1583 ue
502 1533 528 1585 δε
548 1539 663 1584 uxorem
682 1522 698 1584 a
714 1524 865 1604 complexu
879 1544 927 1583 re-

184 1617 186 1622 '
246 1607 361 1676 movit,
383 1614 410 1666 &
428 1547 571 1666 homenis
596 1603 703 1676 suasit,
726 1627 763 1666 ne
788 1627 842 1686 pax
865 1627 929 1666 cum

245 1685 344 1747 Poenis
357 1685 441 1747 lieret.
455 1688 525 1747 Illos
542 1688 615 1747 enim
623 1687 729 1765 frassos
745 1705 786 1746 tot
802 1687 928 1756 casibus,

241 1767 320 1847 spem
333 1771 438 1828 nullam
455 1767 551 1828 habere
569 1793 579 1826 .·
595 1766 632 1827 Se
649 1771 722 1830 tanti
737 1791 790 1826 nou
808 1766 881 1841 effe,
902 1785 931 1826 ut

249 1868 291 1908 tor
315 1851 408 1908 millia
424 1851 594 1924 captivorum
608 1867 720 1924 propter
734 1871 815 1908 unum
828 1848 882 1926 se,
904 1846 930 1910 ἃ
957 1867 961 1872 ’

227 2001 230 2010 .
244 1929 361 2008 senem,
382 1927 409 1990 ἃ
427 1953 556 2006 paucos,
581 1932 628 2008 qui
647 1953 681 1989 cx
701 1930 837 1990 Romanis
858 1931 932 2004 capri

242 2011 381 2091 fuerant,
403 2015 579 2072 redderentur.
594 2012 693 2094 ltaque
704 2012 836 2072 obtinuit.
853 2011 933 2072 Nam

250 2092 338 2154 Afros
352 2113 451 2173 pacem
467 2113 590 2174 petentes
608 2093 698 2154 nullus
714 2092 829 2154 admisit
847 2115 855 2149 r
874 2090 934 2172 ipse

252 2173 460 2259 Carthaginem
480 2173 562 2234 rediit
582 2170 845 2255 :offerentibusque
867 2173 932 2232 Ro-

253 2259 368 2327 manis,
391 2277 420 2316 ut
441 2278 506 2316 eum
527 2256 627 2316 Romae
648 2274 795 2325 tenerent,
818 2255 935 2337 negavit

253 2333 283 2396 se
302 2339 333 2398 in
351 2335 383 2395 eci
402 2337 470 2395 urbe
495 2335 680 2407 mansurum,
704 2338 735 2396 in
754 2335 810 2418 qui
821 2382 832 2408 ,
853 2334 932 2416 post-

254 2439 341 2498 quam
364 2415 440 2477 Asris
464 2415 614 2489 servierat,
635 2418 804 2500 dignitatem
826 2415 936 2476 honesti

255 2501 324 2559 civis
350 2496 452 2558 habere
472 2520 531 2558 non
558 2495 653 2576 pollet.
679 2495 824 2581 Regressus
850 2499 936 2580 igitur

255 2579 295 2719 aa
307 2578 460 2656 Africam,
480 2580 613 2641 omnibus
637 2576 778 2660 suppliciis
796 2579 935 2640 excindius

254 2680 269 2720 e
295 2705 302 2719 .

297 2740 409 2804 XXVI.
430 2743 462 2804 P.
483 2742 610 2805 Claudio
626 2740 770 2813 Pulchro,
792 2742 826 2802 L.
850 2742 936 2803 Junio

257 2821 453 2897 Consulibus,
474 2824 611 2886 Claudius
628 2844 724 2884 contra
745 2821 868 2904 auspicia
885 2845 939 2902 pu-

258 2907 380 2988 gnavit,
405 2917 433 2969 δι
448 2904 763 2992 &Carthaginiensibus
778 2905 869 2970 vissus
889 2903 937 2965 est.
