2142 3664
245 334 301 384 os
321 317 439 390 Vrars
457 335 746 390 rtrusrnrsus.
778 323 845 410 187

181 457 216 496 ue
238 435 316 506 dici,
335 460 396 520 quae
419 457 517 499 contra
540 459 623 520 caput
643 443 701 518 ejus
720 435 845 500 medicus

161 459 358 597 ipopouditl'et.
387 519 466 580 Tum
487 520 548 580 Rex
569 521 723 580 admiratus
752 541 816 579 eum
831 565 843 589 ,

163 597 258 662 dixisse
276 600 387 660 fertur:
407 602 457 660 Ille
476 599 514 660 est
531 602 692 672 Fabricius,
707 603 756 682 qui
775 600 847 660 diffi-

163 680 242 740 cilitis
260 681 295 740 ab
316 679 481 753 honestate,
502 705 590 764 quarn
609 682 652 744 sol
670 678 750 741 asuo
766 681 845 742 cursu

10 794 16 802 ν
85 767 88 772 ’
162 765 249 822 averti
266 759 361 840 pollet.
469 793 476 804 ·

203 843 362 904 XXXVI.
382 845 529 915 Volsinii,
549 844 665 904 Etruriae
678 844 774 904 nobile
793 865 846 924 op·

162 924 261 1004 pidum
289 969 299 992 ,
332 924 440 984 luxurii
472 925 543 1005 pene
578 927 725 1004 perierunt.
765 926 844 986 Nam

163 1006 228 1064 crim
252 1008 354 1076 temere
379 1005 471 1066 servos
494 1009 754 1076 manumitterent,
780 1006 845 1066 dein

163 1089 193 1144 in
212 1089 318 1146 curiam
338 1087 489 1169 legerent,
513 1084 651 1146 consensu
672 1107 771 1145 eorum
793 1109 846 1168 op·

163 1170 258 1246 pressi.
292 1166 369 1228 Ctim
398 1170 486 1228 multa
513 1169 631 1250 indigna
656 1187 844 1247 paterentur,

165 1248 238 1306 clam
260 1247 353 1308 Romi
374 1251 508 1308 auxilium
530 1253 675 1330 petierunt.
690 1245 846 1330 Missusque

164 1328 270 1388 Decius
288 1331 355 1388 Mus
379 1353 445 1390 mox
464 1331 609 1390 libertinos
628 1350 726 1389 omnes
749 1349 797 1390 aut
816 1333 846 1390 in

165 1431 273 1468 carcere
292 1414 422 1480 necavit,
437 1431 486 1472 aut
503 1412 627 1472 dominis
641 1415 671 1470 iu
684 1409 845 1472 servitutem

163 1489 288 1550 restituit.

205 1572 387 1632 XXXVII.
404 1573 512 1652 Appius
525 1571 663 1633 Claudius
675 1575 756 1632 vietis
770 1573 846 1634 Vol-

166 1653 353 1721 siniensibus,
375 1673 567 1734 cognomento
589 1651 708 1712 Caudex
730 1653 843 1725 ditius,

167 1731 252 1792 frater
271 1732 350 1792 Caeci
374 1732 436 1792 fuit.
466 1730 578 1794 Consul
600 1732 635 1791 ad
657 1734 846 1794 Mamertinos

166 1812 328 1874 liberandos
347 1811 441 1875 millus
455 1812 513 1885 est,
533 1835 652 1894 quorum
667 1833 760 1874 arcem
776 1814 847 1876 Car·

166 1891 373 1978 thaginienses,
388 1905 415 1956 &
428 1895 518 1955 Hiero
535 1895 614 1956 rexS
635 1893 782 1956 racusanus
795 1895 848 1957 ob·

166 1976 302 2038 sidebant.
316 1977 415 2037 Primii
429 1977 465 2038 ad
479 1917 663 2058 explorandos
682 1973 773 2037 hostes
789 1977 846 2036 fre-
884 2003 888 2007 ¹

166 2075 227 2118 tum
246 2057 396 2136 piscatorii
415 2063 480 2119 navi
498 2062 624 2140 trajecit,
643 2067 670 2118 &
690 2079 755 2117 cum
775 2059 846 2119 duce

165 2136 447 2221 Carthaginiensium
465 2143 545 2222 egit,
565 2159 595 2198 ut
607 2139 846 2216 ptaesidium'arce

164 2218 321 2279 deduceret.
341 2219 484 2302 Rhegium
505 2216 656 2300 regrellus‚
676 2221 846 2299 quinquere-

165 2321 244 2360 mem
266 2297 389 2359 hostium
407 2302 495 2378 copiis
512 2297 681 2380 pedestribus
702 2319 731 2358 ce
752 2303 774 2359 it
788 2323 799 2372 3
813 2299 846 2360 ed

166 2380 309 2464 legionem
334 2383 363 2441 in
389 2382 516 2441 Siciliam
539 2379 701 2440 transduxit.
724 2321 847 2442 darcha-

166 2460 305 2602 ginienles
323 2459 451 2522 Mellanti
470 2463 582 2544 expulit.
601 2461 758 2521 Hieronem
780 2483 847 2542 prae·
924 2489 927 2496 ⁴

181 2546 208 2601 'o
226 2543 298 2623 apud
312 2543 459 2623 Syracusas
476 2547 506 2603 in
522 2543 695 2604 deditionem
713 2547 844 2623 accepit,
869 2597 872 2602 .

166 2625 217 2705 qui
231 2643 265 2680 eo
279 2625 401 2702 periculo
413 2626 543 2695 territus,
562 2625 759 2684 Romanorum
774 2627 847 2684 arni-

165 2706 265 2797 citiam
291 2706 370 2784 petiit
396 2749 406 2776 ,
436 2703 524 2786 iisque
549 2703 646 2787 posted
670 2704 847 2765 fidelissimus

144 2959 149 2966 .
167 2786 373 2928 fillXXXVIII.
396 2867 484 2928 Caius
497 2867 608 2929 Duilius
630 2871 723 2949 primo
736 2868 844 2928 Punico
