2134 3668
263 309 319 359 or
339 290 455 360 Vrnrs
474 305 760 358 transuersus,
791 290 852 374 183

178 408 263 482 dere,
280 410 357 492 quod
376 407 392 469 *a
405 409 542 469 Romanis
557 405 651 488 posted
667 408 858 487 improbatum

179 490 227 551 est.
255 491 413 551 Postumius
440 491 613 552 Samnitibus
639 488 779 559 deditus,
806 509 858 548 nec

180 593 240 632 rece
261 592 304 632 tus
325 571 372 632 est.

256 653 347 714 XXI.
368 653 472 712 Lucius
495 651 622 731 Papirius
643 696 652 723 ,
673 648 690 709 *a
710 650 859 709 velocitate

181 733 311 804 Cursor,
334 733 397 794 crim
416 731 573 795 Consulem
591 731 619 792 se
640 731 759 791 adversis
779 735 859 790 omi*

181 813 263 875 nibus
288 813 435 876 adversum
455 815 595 875 Samnites
618 809 787 895 progressum
807 809 861 871 else

182 891 329 966 sensisset,
354 895 390 955 ad
412 893 534 976 auspicia
558 893 706 974 repetenda
736 893 861 952 Romam

183 973 344 1058 regressus,
373 975 458 1035 edixit
486 976 578 1035 Fabio
607 976 748 1045 Rutilio,
775 995 861 1113 ‹ppem

182 1060 315 1116 exercitui
328 1059 512 1138 imponebat,
527 1078 561 1116 ne
578 1077 693 1116 manum
708 1077 771 1114 cum
804 1054 862 1114 oste

182 1137 344 1198 consereret.
372 1137 427 1198 Sed
453 1139 499 1196 ille
528 1140 735 1218 opportunitate
764 1135 861 1196 duetus

182 1223 327 1302 pugnavit.
359 1217 495 1278 Reversus
524 1219 650 1299 Papirius
682 1217 770 1278 securi
797 1237 862 1277 eum

183 1299 265 1360 scrire
292 1301 383 1362 voluit
405 1323 414 1371 3
438 1301 484 1360 ille
515 1303 544 1359 in
571 1299 682 1361 Urbem
709 1297 795 1357 consu
818 1301 861 1369 't,

183 1403 235 1440 nec
268 1379 421 1462 supplicem
445 1381 567 1441 Tribuni
596 1380 754 1440 tuebantur.
784 1319 863 1440 liiii

182 1481 260 1543 pater
280 1464 434 1544 lacrymis,
459 1463 576 1542 populus
596 1461 721 1541 precibus
749 1463 862 1520 veniam

184 1542 376 1624 impetrirunt.
386 1543 513 1642 Papirius
530 1543 563 1600 de
578 1543 750 1602 Samnitibus
764 1543 863 1601 trium-

184 1623 292 1704 phavit.
317 1623 390 1682 Item
411 1645 474 1682 cum
495 1620 693 1682 Praenestinum
713 1623 864 1681 Praetorem

206 1705 348 1764 ravissime
372 1698 544 1782 increpuisset
566 1748 575 1774 ,
602 1701 729 1781 expedi,
751 1704 863 1782 inquit,

184 1725 266 1844 siclor
289 1783 403 1844 secures.
431 1785 470 1844 Et
493 1781 556 1842 crim
583 1803 646 1842 eum
670 1801 745 1842 meru
767 1785 864 1842 mortis

184 1867 335 1926 attonitum
345 1861 471 1937 vidisset,
485 1863 699 1924 incommodam
713 1863 862 1924 ambulan-

184 1948 257 2006 tibus
274 1946 396 2008 radicem
417 1945 509 2006 excidi
527 1949 617 2026 jussit.
729 1989 737 2012 ,

224 2027 370 2088 XXXII.
388 2029 527 2105 Quindlus
539 2027 642 2087 Fabius
655 2024 796 2098 Rutilius,
810 2028 865 2106 pri·

184 2131 245 2168 mus
264 2131 297 2168 ex
315 2107 349 2168 ed
368 2108 478 2168 familis
493 2109 532 2167 ob
549 2110 679 2168 virtutem
696 2109 863 2178 Maximus;

183 2189 321 2273 Magister
340 2192 466 2270 equitum
487 2186 503 2248 ‘a
522 2187 634 2268 Papirio
654 2185 806 2259 (Cursore
825 2190 863 2246 ob

183 2271 341 2331 Samnitem
352 2273 522 2343 victoriam)
534 2267 621 2328 securi
634 2269 704 2348 pene
714 2265 861 2348 perculsus,

184 2350 307 2432 primum
322 2353 356 2412 de
368 2352 467 2432 Apulis
485 2358 512 2410 δε
527 2349 675 2410 Nucerinis
688 2373 697 2420 3
712 2347 811 2409 iterdm
829 2350 864 2408 de

185 2433 358 2494 Samnitibus
377 2456 386 2504 ;
413 2429 495 2492 tertii)
522 2430 556 2489 de
577 2431 697 2500 Gallis,
719 2430 863 2502 Umbris,

185 2515 312 2584 Marsis,
332 2533 414 2594 atque
431 2510 531 2573 Tuscis
546 2509 739 2592 triumphavit.
753 2510 863 2572 Censor

129 2589 134 2596 ¹
186 2594 331 2653 libertinos
350 2595 476 2654 tribubus
495 2596 611 2654 amovit.
631 2589 732 2652 lterum
751 2590 863 2652 Censor

186 2671 246 2733 fieri
265 2675 375 2744 noluit,
400 2674 493 2734 dicens
514 2690 572 2733 non
594 2671 645 2733 else
667 2693 699 2732 er
717 2671 768 2732 usu
789 2674 860 2732 Rei-

186 2757 303 2836 publicae
319 2753 432 2814 eosdem
449 2753 588 2815 Censores
611 2753 704 2836 saepids
722 2753 790 2812 lieri.
805 2754 863 2814 Hic

186 2840 291 2920 primus
305 2835 439 2908 instituit,
451 2839 491 2896 uti
503 2837 617 2918 Equites
631 2837 756 2903 Romani
766 2835 862 2896 Idibus
