2110 3666
242 349 308 401 ue
338 334 667 403 CAEsArtretJS.
719 335 783 427 285

111 451 153 510 tio
167 453 294 532 quaesitos
315 473 413 534 pueros
427 451 614 522 venustiores,
633 448 711 532 quod
731 452 793 511 cult

48 547 51 554 ·
113 536 168 592 tius
194 530 349 606 habuerat,
371 533 488 594 libidine
509 531 673 612 ¹hujusmodi
698 529 792 592 arsisse

114 634 164 694 pro
184 633 258 673 certo
280 612 407 673 habetur.
432 615 503 691 Quae
522 635 618 674 tamen
641 617 709 673 vitia
730 616 790 680 uti-

114 716 181 754 nam
200 692 371 754 mansiffent.
394 695 527 776 Namque
548 697 731 776 Magnentii‚
754 713 795 754 ut·

115 795 181 856 pote
202 777 294 859 gentis
314 775 461 848 Barbatae,
485 777 546 836 diro
570 795 686 856 atroque
707 779 792 857 inge-

108 859 186 927 nio,
211 857 295 917 simul
317 854 361 916 his
383 878 444 938 quae
469 855 530 937 post
555 856 699 926 accidere,
723 854 797 916 aded

117 935 251 998 exstindta
271 940 369 998 omnia
392 935 477 1008 sunt,
504 937 624 996 utillud
647 939 797 1017 imperium

118 1015 195 1076 haud
215 1017 317 1097 injurii
329 1019 538 1078 desideraretur.
552 1016 630 1076 Tum
650 1021 717 1100 quia
730 1019 796 1076 Ve-

120 1101 213 1158 tranio
232 1099 388 1159 litterarum
408 1097 517 1179 prorsus
535 1119 647 1178 expers,
670 1109 697 1160 &
717 1101 799 1181 inge-

119 1181 172 1240 nio
195 1178 340 1251 stolidior,
365 1179 524 1262 idcircoque
546 1178 645 1262 agresti
668 1180 800 1240 vecordid

120 1263 277 1342 pessimus,
300 1262 363 1320 cum
385 1281 433 1342 per
451 1261 562 1342 Illyrios
583 1261 707 1341 peditum
732 1283 798 1321 ma-

122 1339 236 1423 gisterio
263 1344 365 1414 milites
394 1362 523 1413 curaret,
551 1342 800 1414 dominationem,

122 1442 199 1483 onus
220 1424 329 1484 Moesiae
357 1421 502 1503 superioris
525 1423 594 1482 locis
618 1421 800 1504 squalidiori·

122 1503 197 1576 bus,
217 1504 347 1584 improbe
367 1523 558 1583 occupaverat.

164 1585 275 1644 XLII.
303 1585 379 1644 Eum
405 1583 587 1643 Constantius
613 1587 651 1643 tis
678 1583 804 1645 mensem
858 1571 860 1576 ι

127 1665 291 1734 decimum,
315 1662 450 1725 facundiae
471 1665 501 1722 vi
525 1662 663 1742 dejectum
687 1666 806 1744 imperio

128 1747 159 1804 in
199 1747 320 1804 rivatum
345 1745 435 1802 orium
465 1747 594 1804 removit.
618 1745 690 1821 Quae
716 1747 806 1828 gloria

129 1766 198 1906 poli
214 1844 312 1886 natum
328 1826 497 1904 imperium,
518 1823 571 1884 soli
590 1828 725 1906 processit
745 1828 807 1886 eio-

130 1910 227 1987 quio,
258 1903 468 1987 clementiaque.
499 1905 577 1965 Nam
608 1904 671 1966 crim
702 1929 749 1966 ma
771 1907 808 1968 nd

130 2007 207 2070 parte
229 1989 368 2068 utrimque
382 1988 513 2046 exercitus
527 1985 736 2058 convenissent,
751 1929 808 2047 ia·

131 2067 192 2132 bitti
219 2068 255 2128 ad
281 2068 400 2149 speciem
427 2069 525 2138 iudicii
549 2072 708 2137 concione,
731 2069 810 2149 quod

132 2149 190 2210 fere
210 2152 258 2208 vix
279 2168 327 2209 aut
350 2149 439 2208 multo
467 2147 602 2228 sanguine
623 2149 810 2209 obtinendum

134 2251 215 2300 erat,
240 2229 400 2310 eloquenti&
441 2231 551 2288 atravit.
575 2221 647 2305 Quae
672 2249 714 2287 res
745 2227 812 2289 satis

135 2312 267 2381 edocuit,
286 2333 344 2370 non
361 2249 449 2368 modii
469 2309 569 2378 domi,
589 2308 683 2368 verdm
705 2311 812 2369 militiae

136 2413 250 2475 quoque
266 2391 377 2450 dicendi
393 2391 505 2470 copiam
523 2388 669 2468 prestare,
689 2389 745 2470 qud
764 2391 815 2449 de·

58 2489 61 2496 '
139 2471 217 2534 mrim
238 2474 284 2536 vel
307 2472 394 2532 ardua
420 2469 568 2551 procliviris
593 2491 627 2529 eo
654 2469 813 2531 conficiun-

141 2573 204 2624 tur,
222 2556 246 2614 si
262 2550 397 2614 modesti&
417 2571 501 2632 atque
520 2554 677 2634 integritate
697 2550 814 2630 superet.

141 2635 229 2711 Quod
250 2634 372 2694 maxime
398 2635 543 2715 cognitum
567 2633 582 2690 ὲ
610 2632 702 2691 nostro
728 2634 815 2692 Prin-

143 2720 226 2794 cipe3
246 2737 330 2797 quern
357 2733 452 2774 tamen
470 2733 533 2792 ,quo
555 2713 647 2772 mimis
670 2711 763 2772 statim
786 2716 817 2774 in·

145 2795 237 2856 hostes
255 2798 324 2855 alios
337 2795 375 2862 ad¹
389 2793 501 2854 Italiam
516 2795 714 2861 contenderet,
730 2792 819 2854 hiems

147 2876 262 2958 aspera,
284 2874 436 2957 cieusaeque
459 2873 545 2954 Alpes
566 2875 716 2936 tardavero
739 2875 820 2934 Inte·

838 3059 863 3085 θ
