2142 3664
618 175 651 204 f

225 317 296 379 204
373 292 496 364 Aure.
525 297 741 366 Vrcrou

224 433 303 474 mum
326 411 404 472 dedit
430 436 439 484 3
470 423 497 474 δε
526 416 567 474 ibi
594 416 727 476 Remmio
758 417 903 499 collegae,'

225 493 353 576 quaedam
368 494 401 553 de
412 496 529 554 utilitate
544 497 713 576 Reipublicae
727 496 902 580 suggerenti,

226 575 305 652 Quid
326 577 398 646 tibi,
417 579 509 655 inquit
522 621 531 646 ‚
544 599 608 636 curn
627 578 767 656 republicis
784 577 901 640 nostri?

225 656 356 734 Quaestor
375 660 405 715 in
425 656 494 717 Asia
511 658 593 716 nullis
612 660 769 740 insignibus
788 663 829 718 uti
848 681 902 722 vo·

226 738 302 808 luit,
322 759 356 796 ne
374 738 442 817 quid
466 736 527 818 ipso
550 735 614 797 esset
635 742 779 821 insignius.
797 740 904 800 Tribu-

226 839 279 878 nus
293 819 380 898 plebis
397 819 504 879 Latinis
524 819 687 888 civitatem,
703 822 777 899 plebi
797 842 880 903 agros
892 840 905 892 ,’

226 899 376 979 Equitibus
391 902 516 968 curiam,
529 901 642 960 Senatui
654 901 758 978 judicia
769 905 900 980 permisit.
982 933 984 948 ι

226 980 332 1042 Nimiae
351 981 525 1038 liberalitatis
547 979 601 1040 fuit
619 1003 628 1049 3
646 980 704 1060 ipse
727 985 811 1042 etiam
831 1003 901 1062 pro-

226 1059 338 1133 fellus,
363 1063 470 1120 nemini
498 1058 526 1119 se
549 1061 585 1120 ad
606 1061 782 1142 largiendum
806 1081 906 1142 praeter

226 1145 330 1204 coelum
348 1151 376 1202 &
396 1163 506 1200 coenurn
523 1139 659 1223 reliquisse
674 1166 681 1198 ε
701 1143 819 1224 ideoque
838 1143 903 1204 crim

227 1221 345 1304 pecunia
367 1231 481 1305 egeret,
505 1224 592 1282 multa
615 1243 713 1282 contra
735 1224 903 1306 dignitatem

227 1303 304 1364 fecit.
321 1301 484 1384 Magallum
498 1304 676 1366 Mauritaniae
694 1306 846 1386 principem
863 1305 903 1364 ob

227 1383 315 1467 Regis
333 1385 504 1444 simultatem
525 1384 700 1468 profugum,
725 1383 837 1464 accept&
857 1407 905 1466 pe-

225 1463 311 1526 cunib
324 1462 438 1524 Boccho
470 1465 575 1525 rodidit
588 1511 598 1536 ,
613 1487 697 1545 quem
711 1467 757 1524 ille
768 1464 905 1546 ‘elephan-

228 1565 260 1606 to
277 1546 391 1619 objecit.
412 1485 602 1605 Adherbalem
623 1545 713 1606 filium
734 1547 821 1629 Regis
841 1547 906 1607 Nud

228 1627 368 1687 midatum
389 1626 520 1703 obsidem
539 1628 619 1686 domi
637 1625 689 1686 suae
706 1626 842 1707 sumpsit,
859 1649 904 1687 te-

228 1709 421 1788 demptionem
441 1713 498 1786 ejus
510 1709 650 1768 occult-nm
665 1706 681 1766 ‘a
694 1727 769 1788 patre
782 1707 902 1787 sperans.

228 1789 396 1869 Caepionem
423 1791 570 1867 inimicum
595 1791 750 1848 ustionibus
776 1787 829 1848 suis
855 1811 901 1848 te-

227 1868 393 1938 sistentem,
416 1873 455 1928 ait
476 1867 502 1928 se
523 1869 557 1928 de
577 1867 645 1929 saxo
662 1869 785 1949 Tarpeio
804 1873 902 1950 praeci-

227 1953 389 2030 pitaturum.
408 1948 530 2009 Consuli
550 1950 658 2032 legibus
678 1952 806 2033 Agrariis
829 1950 905 2010 resis-

229 2033 320 2100 tenti,
341 2034 381 2090 ita
402 2029 506 2089 collum
524 2032 554 2088 in
575 2033 693 2091 comitio
710 2033 850 2101 obtorsit‚
872 2053 906 2092 ut

227 2113 332 2172 multus
354 2107 466 2193 sanguis
488 2111 607 2171 efflueret
628 2111 795 2183 enatibus,
817 2134 904 2194 quarn

227 2194 275 2252 ille
300 2239 311 2263 ‚
338 2193 475 2252 luxuriam
502 2193 668 2273 exprobrans
689 2239 698 2264 ,
719 2195 845 2253 'muriam
869 2194 905 2253 de

227 2273 314 2333 turdis
331 2271 383 2332 ell'e
401 2273 519 2334 dicebat.
539 2273 650 2334 Deinde
663 2295 696 2333 er
712 2273 803 2355 gratiis
816 2273 907 2352 nituid

228 2358 259 2414 in
285 2355 421 2414 invidiam
451 2357 528 2413 venit
552 2376 560 2410 t
584 2375 651 2412 nant
680 2355 756 2432 plebs
783 2358 907 2432 acceptis

228 2439 303 2518 agris
324 2435 463 2518 gaudebat
479 2456 487 2502 3
507 2433 611 2512 expulsi
629 2432 771 2491 dolebant.
788 2435 906 2513 Equites

227 2519 258 2575 in
282 2518 415 2576 Senatum
440 2515 504 2573 teeti
524 2513 687 2572 laetabantur
708 2535 718 2584 3
738 2511 810 2584 (sed
823 2519 903 2593 ‘prae-

181 2603 184 2609 '
229 2598 302 2655 tetiti
325 2596 542 2675 querebantur).
562 2593 678 2653 Senatus
698 2596 837 2674 permissis
858 2600 905 2674 ju-

229 2676 309 2736 diciis
342 2675 496 2735 exsultabat
523 2698 533 2744 3
561 2673 608 2734 sed
641 2673 803 2736 societatem
838 2698 920 2737 cum*

227 2757 378 2838 Equitibus
397 2756 468 2839 aegrd
488 2755 604 2816 ferebat.
624 2757 709 2818 Unde
730 2759 826 2816 Livius
847 2777 903 2816 an-

229 2841 313 2906 xius,
337 2857 368 2898 ut
390 2838 557 2900 Latinorum
585 2835 721 2918 postulata
748 2837 873 2898 differret
890 2871 918 2910 ,·
