2134 3668
278 273 463 379 linuit
503 279 639 350 VIII.
753 307 799 370 97

134 413 138 439 ³
161 394 256 456 XVII.
276 395 343 456 Post
361 417 426 457 eum
445 399 556 458 Salvius
572 401 698 460 Julianus
711 399 803 461 Rem·

121 477 262 556 publicam
282 480 406 551 invasit,
426 481 469 538 vir
490 480 594 541 nobiIIs
618 491 645 542 δε
664 487 723 562 jure
745 503 800 563 pe·

121 559 290 630 citissimus3
310 582 398 641 nepos
418 561 508 640 Salvii
530 563 657 634 Iuliam,
678 565 728 644 qui
748 563 800 624 sub

120 638 197 700 Divo
209 640 359 702 Hadriano
369 642 532 718 Perpetuam
544 641 704 724 composuit
713 645 800 706 Edic-

121 739 185 780 tum.
204 723 306 782 Vidius
327 721 366 782 est
390 721 407 782 *a
428 725 532 784 Severo
558 725 633 804 apud
655 725 801 786 Mulvium

120 817 256 881 pontem,
271 804 430 864 interfedtus
444 807 473 864 in
487 805 594 884 palatio
610 829 617 862 :
633 807 704 865 vixit
719 827 802 867 men-

121 883 197 943 sibus
212 883 337 961 septem,
355 883 503 966 postquam
517 906 638 966 coepetat
651 889 800 966 imperate.

160 965 274 1025 XVIII.
295 965 372 1024 Hinc
387 965 502 1046 Imperii
520 967 645 1026 Romani
664 967 803 1028 adminis-

120 1048 273 1105 trationem
284 1046 435 1126 Septimius
446 1047 563 1108 Severus
572 1049 680 1128 accepit
691 1073 699 1106 ε
710 1051 804 1110 oriun-

122 1125 173 1187 dus
189 1149 222 1187 ex
238 1125 355 1200 Africa,
376 1127 520 1208 provincid
537 1128 734 1210 Tripolitani,
749 1151 803 1212 op-

121 1209 190 1288 pido
216 1209 298 1290 Lepti
320 1232 326 1267 :
348 1209 423 1270 solus
442 1213 523 1270 omni
539 1208 677 1270 memoria
697 1219 724 1271 δε
736 1232 803 1272 ante

123 1298 150 1350 δι
178 1289 271 1370 postea
294 1311 328 1350 ex
352 1291 449 1351 Africi
475 1293 631 1373 Imperator
655 1290 718 1352 fuit.
742 1293 802 1354 Hic
913 1371 915 1375 ι

142 1371 244 1432 rimdm
273 1369 332 1433 fisci
356 1373 547 1444 Advocatus,
577 1395 645 1434 mox
672 1374 802 1436 militatis

120 1391 286 1524 I'ribunus,
306 1473 353 1534 pet
375 1456 464 1514 multa
480 1454 625 1516 deinde&
641 1456 718 1515 varia
736 1455 802 1515 offi-

121 1537 165 1594 cia
186 1555 271 1618 atque
295 1531 416 1595 honores
431 1582 440 1607 ,
456 1533 544 1616 usque
563 1535 599 1595 ad
618 1534 800 1598 administra-

121 1618 231 1692 tionem
252 1619 337 1674 sotius
356 1615 528 1695 Reipublicae
558 1616 646 1676 venit.
674 1616 804 1678 Pertina-
855 1643 857 1650 ’

121 1717 185 1756 tem
208 1696 237 1757 se
254 1696 387 1776 appellati
406 1697 515 1767 voluit,
536 1697 566 1756 in
586 1694 725 1756 honorem
743 1703 805 1760 e'us
863 1713 866 1716 '

119 1779 301 1850 Pertinacis,
327 1779 376 1858 qui
400 1776 417 1837 *a
436 1778 550 1839 Iuliano
570 1775 661 1839 fuerat
683 1719 804 1842 occidus.

119 1860 225 1921 Parcus
238 1859 394 1920 admodum
408 1859 481 1930 fuit,
495 1858 594 1920 naturb
606 1857 692 1920 savus
705 1883 716 1917 :r
728 1860 805 1923 bella

121 1943 213 2003 multa
230 1949 258 2002 δι
279 1940 396 2000 feliciter
417 1942 511 2024 gessit.
535 1938 720 2002 Pescennium
740 1943 802 2002 Ni-

120 2045 227 2109 grum,
245 2024 294 2104 qui
314 2023 344 2081 in
360 2019 491 2106 AEgypto
510 2031 537 2082 δι
553 2022 634 2104 Syriai
652 2023 805 2084 rebellave-

119 2125 183 2179 rat,
207 2104 284 2185 apud·
294 2103 437 2184 'Cyzicum
456 2102 605 2163 interfecit.
621 2101 741 2164 Parthos
752 2107 804 2164 vi-

121 2190 180 2261 cit,
207 2195 234 2247 &
254 2185 363 2246 Arabas
383 2187 546 2255 interiores,
563 2192 590 2244 &
609 2183 774 2244 Adiabenos
794 2209 805 2244 t

120 2269 232 2330 Arabas
250 2265 285 2326 eb
304 2264 391 2347 usque
410 2264 570 2345 superavit,
587 2283 618 2324 ut
637 2266 806 2346 etiam-pro·

120 2353 248 2410 vinciam
279 2347 319 2406 ibi
347 2345 476 2406 faceret:
499 2343 606 2406 idcitcb'
629 2343 804 2420 Parthicus,

119 2431 273 2500 Arabicus,
281 2428 473 2489 Adiabenicus
483 2426 573 2488 didius
580 2423 628 2488 est.
637 2427 732 2488 Multa
743 2447 808 2489 toto

121 2515 192 2573 orbe
205 2513 339 2571 Romano
353 2511 500 2590 reparavit.
517 2509 576 2570 Sub
590 2529 624 2568 eo
637 2511 722 2570 etiam
735 2510 809 2572 Clo-

121 2593 185 2654 dius
204 2594 347 2662 Albinus,
386 2594 416 2650 ui
432 2593 462 2650 in
482 2591 640 2651 occidendo
662 2590 809 2652 Pertinace

121 2673 217 2736 socius
232 2673 322 2734 fuerat
340 2613 474 2742 hiberno,
492 2671 635 2733 Caesarem
647 2669 675 2730 se
692 2675 722 2730 in
736 2673 808 2732 Gal-

121 2755 162 2816 tia
182 2755 250 2816 fecit
269 2779 275 2812 r
294 2751 440 2836 vietusque
464 2753 538 2834 apud
567 2753 740 2838 Lugdunum
767 2751 807 2812 est

122 2847 151 2898 δι
175 2837 345 2898 interfectus.
545 2871 552 2894 a
656 2908 682 2975 E
