2142 3664
278 297 345 378 196
417 285 540 359 Aur.
570 287 788 360 Vrcron

271 412 395 494 Legatos
410 410 495 468 etiam
511 408 548 466 ad
557 407 685 468 Prusiam
697 453 706 480 ,
720 428 752 468 ut
761 407 950 474 Hannibalem

273 509 431 572 repeteret,
449 485 552 548 miffus.

315 571 384 631 LII.
406 570 520 630 Marcus
544 569 656 628 Fulvius
679 569 815 629 Nobilior
840 571 949 634 Consul

271 653 413 714 Oretanos
424 649 456 710 su
476 652 579 720 travit,
593 650 667 708 unde
683 672 770 710 ovans
783 651 892 712 Urbem
906 656 950 714 in-

273 735 359 794 troiit.
374 671 625 802 ConAEl'AEtolos,
637 733 686 811 qui
698 731 774 790 bello
784 733 950 795 Macedoni·

271 837 307 874 co
321 812 525 881 interfuerant,
551 809 612 890 post
628 811 663 870 ad
677 809 853 872 Antiochum
869 814 949 874 defe-

272 914 390 965 cerant,
412 894 511 974 praeliis
535 891 725 972 frequentibus
745 895 853 964 videos,
874 904 901 955 ἃ
921 897 950 955 in

272 977 457 1039 'Ambraciam
477 972 612 1053 oppidum
627 975 763 1044 condius,
782 976 812 1032 in
825 973 949 1034 deditio·

272 1080 339 1122 nem
354 1057 483 1136 accepiet
499 1073 598 1124 tamen
614 1055 701 1138 signis
717 1051 874 1135 tabulisque
890 1058 949 1134 pic-

273 1143 310 1200 tis
324 1137 472 1220 spoliavit,
486 1134 521 1194 de
535 1134 636 1216 quibus
648 1132 839 1214 triumphavit.
854 1136 950 1213 Quam

271 1221 421 1281 'victoriam
445 1235 493 1296 per
513 1211 540 1275 se
566 1213 781 1298 magnificam,
812 1216 951 1292 Quindus

272 1302 382 1363 Ennius
406 1299 512 1364 amicus
534 1299 621 1376 ejus,
644 1297 748 1380 insigni
773 1297 855 1356 laude
878 1299 950 1358 cele·

271 1382 374 1444 bravit.
416 1381 423 1394 ‘

314 1460 407 1523 LIII.
429 1461 525 1539 Scipio
548 1457 710 1527 Asiaticus,
732 1456 815 1518 frater
833 1457 949 1520 Africa-

213 1563 215 1568 ’
271 1545 324 1616 ni,
342 1541 455 1603 infirmo
476 1559 610 1619 cor-pote,
631 1557 727 1598 tamen
741 1541 771 1597 in
785 1538 880 1598 Africi
894 1544 952 1601 vis-

273 1628 340 1686 tutis
364 1625 480 1684 nomine
504 1620 520 1680 ‘a
541 1619 622 1680 fratre
644 1619 794 1690 laudatus,
816 1619 951 1696 Consul,

272 1703 448 1768 'Antiochum
473 1721 568 1786 regem
590 1700 699 1780 Syriae,
722 1701 817 1783 legato
844 1699 952 1776 fratre,

270 1811 290 1854 ¹a
310 1787 348 1846 ud
358 1785 388 1846 Si
408 1786 486 1866 ylum
500 1800 647 1852 montem,
661 1779 726 1846 etim
740 1801 817 1841 arcus
829 1778 953 1844 hostium

271 1809 369 1950 pAuvid
390 1807 518 1923 bebetati
543 1858 676 1932 fuiernt,
699 1863 767 1922 vicit
788 1883 798 1931 ς
821 1871 848 1922 &
871 1867 953 1964 regni

272 1948 363 2010 relicti
384 1945 401 2006 *a
422 1963 498 2026 patre
520 1961 596 2024 parte
616 1943 736 2024 privavit
755 1965 762 2001 t
781 1940 846 2000 hinc
865 1944 952 2005 Asia-

271 2031 343 2092 ticus
360 2026 459 2087 dicbus.
480 2023 546 2086 Post
562 2023 762 2103 teutpecuniae
776 2025 953 2104 interceptae,

271 2133 310 2174 ne
325 2113 356 2170 in
370 2127 506 2168 carcerem
526 2105 692 2174 duceretur,
711 2101 856 2164 Gracchus
872 2125 953 2184 pater

271 2191 417 2254 Tribunus
430 2189 519 2270 plebis
534 2187 694 2246 intercessit.
715 2184 760 2244 M.
779 2184 857 2246 Cato
871 2185 953 2249 Cen-

270 2273 319 2338 sor
336 2271 485 2354 equum'ei
503 2268 667 2353 ignominiae
686 2263 768 2324 causi
784 2265 899 2326 ademit.
921 2285 925 2292 ·

312 2353 403 2420 LIV.
425 2347 592 2412 Antiochus
612 2391 622 2418 ‚
641 2346 732 2426 'Syriae
756 2365 833 2417 rex,
861 2347 956 2409 nimid

270 2456 357 2520 opum
389 2429 492 2500 fiduci&
521 2431 627 2488 beilum
656 2427 794 2485 Romanis
823 2427 920 2488 intulit
943 2475 955 2502 ,

270 2518 360 2601 specie
385 2508 571 2598 L'ysImachiae
599 2507 782 2588 repetundae,
813 2527 900 2586 quam
936 2507 956 2570 ὲ

269 2589 422 2676 majoribus
446 2589 499 2658 suis
522 2593 552 2650 in
575 2586 701 2648 Thracii
725 2587 870 2646 conditam
891 2589 956 2648 Ro-

269 2679 350 2741 inani
364 2672 544 2756 possidebant
559 2694 568 2741 3
583 2668 731 2748 statimque
748 2668 890 2728 Graeciam
909 2671 955 2732 in-

272 2757 399 2838 sulasque
423 2759 480 2834 ejus
502 2752 658 2830 occupavit.
684 2750 716 2808 In
740 2746 850 2807 Euboea
868 2750 957 2810 luru-

273 2841 330 2906 tiI·
343 2835 476 2924 elanguit.
505 2833 636 2896 Adventu
667 2829 755 2891 Acilii
784 2829 957 2895 Glabrionis
