2110 3666
241 313 309 399 „6
381 304 761 378 errerrr

238 428 383 488 montibus
399 427 586 498 resistebant,
611 426 695 488 deleti
713 426 785 487 sunt.
806 427 851 487 Ac
875 437 933 508 pen

239 529 339 568 omnes
352 507 504 589 Hispanias
518 505 564 568 sex
580 507 644 568 sunt
657 531 730 568 nunc
744 509 897 589 provinciae
914 531 922 564 ε

239 587 483 659 Tarraconensis,
509 587 620 650 Cartha
642 593 744 650 iriensis
765 636 777 659 ,
803 589 921 650 Lusita-

240 673 308 742 nia,
321 670 475 740 Gallmia,
486 669 597 732 Baetica.
609 611 703 731 'lgrans
717 670 822 730 fretum
834 673 923 732 etiam

239 754 271 812 in
289 747 351 810 solo
370 771 447 812 terras
493 749 592 822 fficae',
608 755 753 834 provincia
767 749 925 832 Hispania-

242 853 306 892 rum
325 829 386 905 est,
408 849 480 915 quat¹
512 835 667 915 ingitanica
678 834 855 894 Mauritania
872 855 924 892 co·

241 916 435 996 gnominatur.
464 911 509 974 Ex
533 913 576 974 his
599 913 702 974 Baetica
728 915 925 976 &Lusitania

240 992 398 1056 consulares
413 1018 423 1066 3
447 1015 548 1056 extera
566 995 722 1076 ptaesidales
741 993 813 1056 sunt.

280 1075 340 1137 VI.
361 1075 438 1138 Cum
464 1075 559 1136 Gallis
583 1079 749 1170 gravissima
770 1077 845 1137 bella
863 1097 924 1156 po-

243 1157 325 1236 pulus
342 1157 490 1217 Romanus
508 1154 615 1217 habuit.
643 1157 723 1218 Galli
740 1159 816 1218 enim
836 1161 924 1218 etiam

243 1237 323 1298 illam
341 1257 450 1319 partem
466 1236 577 1310 Italiae,
598 1241 629 1298 in
648 1237 704 1320 qui
716 1259 790 1299 nunc
803 1239 923 1299 Medio-

243 1318 341 1378 lanum
361 1317 422 1390 est,
446 1316 534 1400 usque
551 1318 588 1378 ad
604 1320 783 1380 Rubiconem
803 1322 924 1382 fluvium

242 1399 374 1458 tenebant
386 1422 396 1470 3
419 1401 449 1458 in
462 1419 572 1459 tanturn
585 1401 690 1460 viribus
704 1399 770 1460 freti
783 1446 794 1472 ,
818 1419 848 1460 ut
858 1401 926 1462 Ro-

242 1499 320 1540 mam
337 1477 428 1562 ipsam
442 1479 518 1540 bello
535 1501 660 1562 peterent
674 1503 684 1552 3
703 1490 731 1542 &
750 1483 825 1541 caesis
844 1502 925 1542 exer·

242 1562 343 1621 ritibus
375 1561 513 1623 Romanis
541 1561 615 1642 apud
645 1559 753 1624 Alliam
778 1563 924 1637 fluvium,

243 1645 348 1702 moenia
377 1643 454 1702 urbis
481 1645 618 1704 intrarent
640 1685 653 1714 ‚
687 1640 927 1726 Capitoliumque

244 1723 423 1794 obsiderent,
440 1721 476 1782 ad
493 1728 535 1804 cuj
587 1743 679 1784 arcem
695 1721 817 1785 sexcenti
836 1729 925 1786 uobi-

241 1803 282 1862 les
295 1805 477 1864 &Senatores
491 1826 544 1864 con
560 1824 697 1888 ugerant3
713 1807 762 1886 qui
775 1805 853 1866 mille
863 1810 927 1868 auri

243 1883 341 1964 pondo
359 1882 387 1942 se
402 1884 439 1943 ab
455 1885 603 1946 obsidione
620 1885 805 1948 redemerunt.
824 1885 926 1950 Postei

245 1963 345 2027 Gallos
370 1986 434 2024 cum
459 1963 577 2025 visioria
603 1985 782 2037 remeantes,
809 1965 927 2030 Camil·

243 2046 310 2119 lus,
333 2047 425 2128 quiin
439 2046 538 2106 exsilio
556 2067 636 2120 erat,
658 2046 776 2110 collecti
794 2047 828 2108 de
846 2054 926 2133 agris

244 2127 448 2198 multitudine,
468 2131 605 2208 oppressit
619 2151 628 2200 3
652 2151 753 2190 aurum
770 2138 797 2192 &
816 2131 924 2213 signa,

243 2230 304 2288 quae
319 2209 397 2270 Galli
410 2229 561 2288 ceperant,
577 2214 738 2288 reportavit.
754 2210 832 2272 Cum
846 2211 928 2272 Gal-

243 2289 276 2348 lis
296 2291 379 2350 multi
393 2287 533 2350 Consules
547 2335 555 2360 ,
568 2291 701 2350 Praetores
719 2314 751 2351 ac
762 2290 926 2354 Distatores

244 2390 346 2430 eventu
365 2373 446 2431 vatio
474 2373 667 2432 conflixerunt.
690 2373 799 2432 Marius
822 2372 926 2436 Gallos

244 2450 279 2509 tle
299 2450 381 2511 Italia
397 2452 501 2531 expulit
518 2475 528 2522 3
551 2461 577 2511 &
598 2449 764 2513 transcensis
776 2453 898 2534 Alpibus
911 2503 925 2527 ‚

246 2531 364 2592 feliciter
387 2530 517 2592 adversis
541 2553 588 2594 eos
613 2555 650 2614 pu
671 2537 758 2594 navit.
780 2534 927 2600 Caetenim

245 2613 335 2674 Caius
350 2609 446 2674 Caesar
461 2633 526 2672 cum
541 2613 639 2675 decem
652 2555 812 2698 segionibus
827 2661 837 2686 ,
862 2639 926 2698 quae

244 2715 380 2776 quaterna
402 2695 492 2754 millia
511 2697 635 2756 militum
656 2696 795 2758 Italorum
815 2693 928 2757 habue-

245 2796 330 2846 runt,
346 2797 394 2857 pet
405 2797 494 2836 annos
505 2798 610 2836 novem
621 2777 656 2836 ab
666 2778 785 2860 Alpibus
796 2777 832 2837 ad
845 2776 927 2838 Rbe-

244 2879 312 2918 num
331 2856 417 2941 usque
432 2856 541 2920 Gallias
560 2855 694 2944 subegit:
718 2881 783 2920 cum
797 2859 926 2924 barbatis
