2134 3668
262 333 396 401 Ouroo
416 332 703 404 GuurrsRou.
758 356 823 426 137

148 452 205 516 cuit
226 473 236 521 3
258 470 288 510 ut
307 452 422 532 quidem
442 453 568 513 indicant
588 454 628 513 illi
648 451 763 514 versuse

188 553 219 613 Is
230 577 314 694 gjnus
329 553 467 626 indocile,
483 579 515 616 oc
530 555 675 636 disperfitm
691 557 826 617 montibus

228 659 245 694 a
258 655 297 694 ers

193 715 344 812 Composuit
364 759 375 787 ,
408 717 523 796 legesque
543 721 616 778 dedit
634 741 649 792 ;
669 719 829 797 Latiumque

230 819 324 856 vocari

189 876 311 946 Maluit,
322 876 367 936 his
376 877 502 954 quonium
510 873 625 952 lotuiffer
635 897 708 940 tutus
717 877 748 938 in
759 879 826 940 oris.

149 979 237 1041 Istum
249 975 341 1040 'etiarn
356 979 437 1040 usum
449 981 579 1062 signandi
589 985 648 1040 aeris
662 1004 694 1040 ac
709 1003 828 1042 monetae

151 1065 182 1122 iu
204 1057 326 1120 formam
346 1061 510 1121 incutiendae
528 1059 671 1121 ostendiffe
689 1063 827 1134 traditur,

153 1145 184 1202 in
201 1139 257 1222 qui
277 1143 313 1202 ab
333 1140 389 1200 unii
406 1161 484 1222 purte
504 1162 586 1222 caput
604 1147 661 1221 ejus
677 1145 827 1222 imprime-

152 1220 250 1292 retur,
273 1221 360 1282 alter&
377 1225 475 1294 navis,
494 1223 550 1304 qui
570 1227 663 1283 vedus
688 1221 739 1282 ihu
760 1241 829 1284 erat.

151 1303 238 1364 Unde
249 1301 389 1384 hodieque
399 1305 535 1363 aleatores
546 1308 640 1384 posito
651 1320 740 1364 numo
748 1323 830 1384 oper·-
920 1305 923 1309 ‘

152 1403 256 1464 toque,
271 1387 417 1464 optionem
429 1383 613 1446 collusoribus
624 1403 731 1467 ponunt
741 1391 830 1446 enun-

153 1464 246 1524 ciandi
263 1464 331 1546 quid
349 1484 446 1544 putent
465 1463 590 1536 subeffe,
608 1483 691 1546 eaput·
708 1483 754 1525 aut
772 1489 827 1526 na-

152 1565 239 1616 vem,
279 1544 336 1604 uod
353 1565 427 1603 nunc
443 1543 531 1628 vulgi>
548 1565 755 1626 corrumpentes
772 1567 828 1606 na-

153 1567 369 1685 viandidicunt.
384 1621 474 1684 AEdes
491 1644 603 1706 quoque
621 1625 672 1686 sub
685 1629 757 1686 clivo
770 1626 831 1686 Ca·

79 1735 84 1740 ·
153 1705 294 1786 pitolino,
313 1709 343 1763 in
362 1726 419 1784 quo
439 1707 586 1784 pecuniam
608 1705 751 1765 conditam
774 1703 829 1765 ha·

153 1786 261 1854 bebat,
278 1785 427 1844 AErarium
440 1785 553 1845 Saturni
565 1783 703 1868 hodieque
720 1786 830 1847 dicitur.

153 1867 263 1926 Verum
274 1869 359 2006 ]Uia’
377 1886 409 1928 ut
426 1865 505 1946 supra
521 1867 662 1938 diximus,
677 1870 753 1948 prior
765 1867 831 1928 illuc

154 1948 242 2010 Janus
258 1969 273 2006 a
293 1967 427 2018 venerat,
443 1946 506 2007 cuim
524 1969 571 2006 eos
585 1945 646 2028 post
662 1949 772 2008 obitum
786 1949 831 2009 di-

151 2031 226 2088 vinis
238 2025 391 2088 honoribus
407 2029 590 2088 cumulandos
605 2026 785 2099 censuissent,
801 2033 832 2090 in

154 2107 237 2170 sacris
255 2110 387 2170 omnibus
405 2113 529 2190 primum
546 2111 641 2168 locum
660 2111 732 2169 Jano
749 2109 830 2168 detu-

153 2191 246 2250 lerunt
258 2211 268 2260 3
279 2188 365 2271 usque
377 2189 431 2261 εὸ,
450 2211 480 2249 ut
493 2193 578 2248 etiam
592 2234 600 2259 ‚
613 2189 677 2248 cuim
692 2191 753 2248 aliis
767 2189 831 2248 Diis

153 2269 322 2330 sucrificium
333 2268 386 2339 fit,
402 2270 468 2328 dato
477 2267 558 2328 thure
568 2271 598 2328 in
609 2269 707 2328 alteria
718 2315 728 2338 ,
745 2269 830 2330 Junus

154 2353 233 2432 prior
248 2353 429 2420 nominetur,
449 2369 643 2432 cognomento
675 2371 766 2430 uoque
780 2348 831 2408 ad-

154 2432 216 2492 dito
232 2431 331 2502 Pater,
350 2429 502 2491 secundum
522 2431 600 2513 quod
615 2371 707 2491 nodet
722 2451 832 2514 cogno-

155 2531 253 2572 mento
271 2515 310 2572 sic
327 2514 439 2572 intulit:

194 2609 277 2668 Hanc
284 2609 371 2668 Ianus
376 2609 478 2680 Pater,
487 2609 558 2670 hauc
566 2609 701 2671 Saturnus
712 2611 833 2671 condidit

236 2712 332 2750 arcem.

154 2779 199 2845 Ac
219 2778 356 2840 subinde:

194 2861 832 2955 Ianiculumhuie,·illifireratSatumianomen.
