2134 3668
259 260 395 328 Oaruo
416 232 702 326 Grrrrsaon.
758 278 822 345 ¹59

61 376 65 386 '
146 381 196 459 qui
224 377 317 436 aberat
344 375 361 436 ὲ
388 377 497 436 Palatio
519 376 648 436 millibus
668 378 792 458 quinque
808 405 825 428 a

149 457 322 540 eundemque
341 458 436 518 locum
458 478 491 516 er
510 455 560 520 suo
577 459 693 518 nomine
713 457 824 516 Remu-

148 543 219 599 tiam
238 539 408 620 appellaret,
427 559 517 619 neque
538 559 570 598 ea
591 541 663 598 inter
687 559 734 597 eos
756 535 824 596 fini·

148 640 222 680 tetur
240 623 403 690 contentio,
416 641 474 682 ,avo
491 619 640 682 Numitore
657 619 760 678 arbitro
776 618 828 678 ad-

149 699 220 761 scito
232 701 362 781 ,placuit
380 693 574 780 disceptatores
593 705 650 780 ejus
667 719 828 760 controver-

150 785 196 842 siae
216 782 391 842 immortales
410 780 489 842 Deos
511 779 643 852 sumere;
664 784 703 840 ita
724 799 754 839 ut
772 782 828 840 utri

151 883 251 922 eorum
264 863 352 942 priori
369 859 488 924 secunda
501 859 624 940 auspicia
636 857 827 932 obvenissent,

152 943 252 1004 urbem
273 941 425 1012 conderet,
446 963 563 1024 eamque
585 962 618 1002 ex
640 939 691 1002 suo
713 945 829 1002 nomine

154 1041 349 1104 nuncuparet,
374 1041 457 1104 atque
476 1025 511 1085 in
535 1021 568 1085 ed
588 1025 668 1105 regni
689 1019 830 1099 summam

125 1175 128 1184 Ι
155 1124 267 1168 teneret.
286 1101 417 1184 Calmque
437 1101 624 1184 auspicaretur
643 1101 781 1162 Romulus
798 1106 832 1164 in

151 1185 285 1256 Palatio,
303 1185 407 1250 Remus
424 1187 454 1246 in
467 1185 632 1254 Aventino,
649 1181 695 1243 sex
709 1183 831 1243 vultures

156 1269 258 1346 pariter
267 1267 404 1336 volantes,
413 1263 542 1331 isinistrd
549 1265 641 1325 Remo
655 1262 730 1345 priris
741 1261 828 1334 visos,

157 1366 272 1429 tumque
293 1348 328 1406 ab
347 1367 380 1405 eo
398 1342 492 1406 missos
507 1349 557 1427 qui
574 1346 700 1406 Romulo
720 1349 834 1404 nuncia-

157 1447 237 1498 rent,
254 1428 308 1488 sibi
326 1431 385 1507 jam
400 1426 466 1486 data
484 1425 626 1507 auspicia,
643 1426 744 1508 quibus
758 1418 831 1485 eon'-

107 1567 112 1570 .
158 1509 223 1568 dere
235 1509 334 1575 urbem
349 1509 505 1580 'uberetur‚
522 1511 616 1589 itaque
635 1526 785 1567 maturaret
797 1507 833 1567 ad

159 1587 188 1649 se
207 1593 312 1650 venire.
332 1529 464 1668 (irimque
486 1587 522 1647 ad
539 1608 603 1647 eum
622 1587 760 1646 Romulus
778 1587 830 1645 ve'-

159 1666 260 1740 nisset,
281 1665 469 1750 quaesilletque
490 1688 619 1748 quaenam
641 1668 689 1726 illa
712 1665 834 1746 auspicia

159 1747 289 1818 fuissent,
304 1743 464 1828 dixissetque
473 1749 521 1810 ille
533 1793 541 1817 ‚
553 1749 607 1808 sibi
623 1745 775 1827 auspicanti
788 1745 835 1807 sex

159 1832 295 1890 vulturios
310 1829 393 1890 simul
411 1825 580 1910 apparuisse:
598 1847 626 1888 at
642 1849 722 1912 ego,
743 1831 835 1909 inquit

159 1911 298 1972 Romulus
308 1957 317 1983 ‚
327 1916 386 1990 jam
396 1911 448 1970 tibi
459 1909 607 1970 duodecim
618 1907 813 1970 demonstrabo
824 1931 834 1979 3

161 2014 193 2052 ac
208 1993 337 2073 repente,
351 1991 506 2062 duodecim
524 1991 644 2051 vultures
663 1987 833 2072 apparuisse,

162 2071 307 2134 subsecuto
326 2074 386 2132 coel'
410 2071 522 2154 fulgore
542 2075 645 2152 pariter
665 2074 834 2152 tonitruque.

162 2153 240 2214 Tum
253 2154 359 2214 Romul
401 2198 410 2224 ‚
422 2153 519 2230 Quid,
534 2155 644 2232 iuquit,
658 2151 747 2210 Reme
761 2152 835 2210 affir-

162 2257 223 2296 mas
238 2237 350 2315 priora,
368 2232 432 2293 etim
447 2231 590 2312 prasentia
605 2235 735 2290 intuearis
750 2239 761 2290 ἲ
778 2232 836 2290 Re-

162 2339 225 2376 mus
247 2313 394 2396 postquam
412 2314 546 2373 intellexit
567 2310 624 2372 sese
644 2333 731 2396 regno
754 2311 834 2372 frau-

162 2397 280 2468 datum,
293 2397 403 2466 multa,
420 2397 511 2476 inquit
522 2441 532 2464 ,
544 2397 574 2454 in
587 2390 639 2452 hac
655 2395 721 2452 urbe
733 2396 836 2452 temere

163 2476 272 2558 sperata
288 2497 370 2558 atque
386 2475 550 2556 presumpta
564 2474 756 2540 infelicissimi,
773 2496 838 2554 pro-

164 2579 280 2618 ventura
289 2556 360 2618 lunt.
370 2557 409 2616 At
419 2555 487 2617 verd
498 2557 621 2617 Licinius
635 2557 735 2615 Macer
747 2557 794 2614 lib.
813 2576 837 2616 1.

166 2639 248 2698 docet
268 2640 454 2698 contentionis
476 2637 549 2698 illius
565 2635 753 2716 perniciosum
774 2640 837 2695 exi-

165 2741 227 2780 tum
254 2717 331 2779 fuisse
354 2766 364 2790 ,
390 2739 513 2798 namque
540 2717 644 2776 ibidem
674 2715 837 2778 obsistentes

82 2877 86 2885 ι
165 2801 287 2862 Remum
309 2812 336 2863 δι
357 2799 515 2864 faustulum
535 2797 704 2860 nterfettos.
730 2797 840 2859 Contra
918 2833 920 2838 ·
