2142 3664
189 265 195 276 ’
256 283 319 350 ¹92
404 261 773 330 Aun.Vrcr01t

252 379 379 466 augustii
389 380 515 459 adjutus,
524 381 601 438 vinti
612 379 716 437 docuit.
726 370 875 457 Syricusas
885 399 933 457 per

253 483 306 522 tres
320 484 409 522 annos
426 484 458 522 ex
479 461 604 542 ugnavit
623 459 660 519 Et
675 456 737 518 crim
755 479 802 537 per
822 460 934 518 calum-

231 545 330 602 ‘niam
359 483 513 620 triumpltus
538 543 564 599 ei
593 538 609 600 ‘a
633 541 737 600 Senatu
761 559 931 622 negaretur,
972 565 977 572 ·

226 667 230 672 -
254 623 288 682 de
310 621 359 682 [udi
376 619 513 684 sententizi
534 623 563 680 in
581 620 695 680 Albano
716 639 813 679 monte
830 623 933 680 trium-

200 767 202 772 ·
253 702 356 784 pharit.
375 703 534 784 Quinquies
550 699 681 772 Consul,
699 701 807 760 insidiis
821 699 933 762 Hunni-

252 785 324 844 balis
342 783 472 862 deceptus
490 783 644 851 occubuit,
672 792 699 841 δι
720 779 869 864 magnificb
889 781 932 842 se-

253 867 354 944 pultus.
375 861 444 924 Orsa
462 863 586 940 llomuin
604 859 735 934 remilla,
755 859 774 924 'i
791 863 933 943 praedoni-
994 903 998 914 ι

253 947 304 1006 bus
323 947 473 1024 interceptu
491 947 636 1024 perierunt.
813 961 816 969 ¹

293 1027 403 1086 XLVI.
425 1025 587 1092 Hannibale
607 1023 719 1084 Italiam
744 1021 902 1088 devastante
918 1072 931 1095 ,

254 1129 288 1166 ex
306 1105 437 1188 responso
457 1107 592 1166 librorum
613 1105 815 1186 Sibyllinorum
836 1106 935 1166 Mater

253 1187 349 1248 Derim
365 1187 381 1246 *a
395 1189 555 1248 Pessinunte
571 1189 717 1256 arcessita,
735 1183 799 1244 crim
813 1186 931 1246 adverso

253 1269 353 1328 Tiberi
380 1266 547 1338 veheretur,
571 1269 682 1348 resentb
708 1268 747 1346 in
763 1267 822 1328 alto
847 1265 931 1328 stetit.

254 1349 293 1408 Et
316 1349 379 1408 cum
399 1351 507 1408 moveri
529 1348 612 1410 nullis
635 1348 740 1408 vitibus
763 1343 873 1426 pollet,
898 1370 933 1408 ex

253 1431 332 1489 libris
352 1432 519 1512 cognitum,
541 1427 697 1488 castissime
711 1425 831 1503 demun
850 1428 933 1490 femi-

254 1533 296 1570 nae
324 1532 409 1572 manu
434 1513 542 1570 moveri
567 1505 649 1588 polle.
674 1509 751 1570 Tum
777 1509 930 1580 Claudia,

254 1595 336 1676 virgo
365 1590 516 1662 Vestalis,
549 1589 621 1650 fulsb
651 1587 746 1650 incesti
772 1588 897 1672 suspedba
921 1637 931 1663 ,

144 1661 148 1669 ⁵
173 1697 178 1718 .·
250 1673 348 1740 ,Deam
368 1675 482 1744 oravit,
503 1692 553 1742 ut,
575 1675 598 1731 si
615 1673 752 1751 pudicam
764 1669 864 1744 sciret,
887 1669 933 1732 se*

256 1774 405 1834 queretur3
428 1764 457 1814 &1
469 1752 543 1813 zoni
562 1751 694 1834 impositi
709 1774 809 1812 navem
830 1756 931 1814 movit.

256 1835 442 1901 Simulacrum
464 1833 565 1892 Matris
579 1832 675 1893 Derim
697 1833 833 1902 adduxit,
858 1855 933 1894 tern-

161 1927 173 1980 ,’
196 1947 199 1956 =
231 1930 233 1934 '
257 1916 333 1994 plum
358 1913 505 1976 edificavit
527 1913 652 1986 Nasica,
673 1918 722 1997 qui
747 1917 788 1976 vir
810 1918 934 1995 optimus

85 2001 87 2006 ’
253 1996 438 2076 judicabatur.
517 2050 519 2054 .

297 2077 419 2138 XLVII.
442 2075 556 2138 Marcus
576 2077 690 2138 Porcius
713 2075 814 2148 Cato,
833 2097 934 2160 genere

255 2155 461 2229 Tusculanus.
491 2155 507 2217 ‘a
533 2157 649 2218 Valerio
677 2157 778 2220 Flacco
808 2158 935 2218 Romam

181 2253 184 2262 “
235 2303 237 2308 ,
259 2239 422 2300 sollicitatus
438 2263 447 2310 ;
465 2239 609 2300 Tribunus
628 2239 751 2299 militum
766 2241 796 2298 in
814 2237 933 2309 Sicili53

259 2314 386 2397 Quaellor
402 2318 452 2380 sub
470 2321 601 2398 Scipione
619 2317 809 2390 fortissimus3
831 2320 936 2380 Praetor

257 2400 421 2480 justissimus
434 2399 488 2460 fuit
501 2424 507 2456 :
523 2403 552 2459 in
564 2401 683 2462 Praeturzl
695 2401 852 2462 Sardiniam
869 2397 936 2460 sub-

259 2485 338 2565 egit,
362 2482 411 2540 ubi
432 2480 468 2540 ab
490 2481 585 2543 Ennio
607 2481 711 2542 Graecis
732 2483 828 2542 litteris
849 2479 934 2542 insti-

260 2583 343 2628 turus.
373 2559 484 2621 Consul
507 2561 665 2622 Celtiberos
691 2563 802 2622 domuit
815 2586 825 2634 3
851 2572 877 2622 δι
899 2585 936 2622 ue

260 2645 391 2704 rebellare
408 2639 533 2722 pollent,
553 2644 658 2704 litteras
679 2643 716 2704 ad
730 2645 856 2704 civitates
872 2646 935 2704 sin-

261 2726 341 2810 gulus
366 2724 473 2794 misit,
504 2743 533 2782 ut
563 2745 659 2784 muros
683 2723 829 2786 diruerent.
857 2723 937 2786 Crini

264 2825 435 2894 unaquaeque
451 2804 505 2866 sibi
523 2802 576 2866 loli
591 2804 721 2888 imperari
737 2821 867 2888 putaret,
890 2805 938 2884 fe·
961 2883 964 2886 Ι

835 2908 941 2949 cerunt.
