2134 3668
233 265 300 346 136
352 253 487 326 'Ant
516 256 761 327 V1cuou1s

228 397 282 460 que
300 376 486 457 supradiciuin
507 392 644 457 puerum,
683 379 712 435 ui
727 394 760 435 ex
772 373 910 458 Apolline

229 462 339 543 genitus
361 477 420 518 etat
434 505 446 527 ,
468 456 587 518 obviam
605 458 647 516 illi
697 454 765 526 ille,
785 472 909 540 eumque

228 540 401 620 adoptatum.
420 538 497 600 clm
517 535 677 598 adolevill'et
686 577 697 608 ,
715 559 774 597 non
793 559 910 600 conten-

228 637 289 680 tum
310 623 401 699 patrio
421 639 509 714 tegno
528 663 539 690 ,
563 636 627 680 cum
648 617 753 701 magnli
774 617 854 678 classe
876 623 909 681 in

227 699 339 760 ltaliam
366 697 502 761 devemlle
523 747 533 773 ,
556 717 748 779 occupatoque
775 719 907 772 monte,

228 781 327 840 urbem
346 780 452 845 ibidem
471 778 638 842 constituille
649 825 658 850 ,
670 786 788 862 eumque
805 779 907 840 ex'l‘uo

228 864 345 941 nomine
362 863 522 922 laniculum
539 858 758 945 cognominiffe.

270 943 333 1004 III.
357 941 445 1026 lgitur
462 945 535 1005 Jano
553 961 687 1025 regnante
706 941 778 1022 apud
795 941 909 1025 indige-

228 1033 280 1084 nas
301 1023 409 1094 tudes,
433 1024 633 1109 incultusque,
661 1024 794 1086 Saturnus
817 1045 907 1162 ruffino

228 1104 365 1187 profligus
385 1150 395 1176 ,
417 1103 480 1164 cum
504 1109 533 1166 in
554 1105 665 1164 ltaliam
687 1101 827 1174 venillet,
872 1125 906 1162 e-

229 1185 317 1268 nigne
336 1205 464 1265 exceptus
485 1183 608 1266 hospitio
627 1182 666 1244 est
684 1207 694 1254 3
716 1186 812 1266 ibique
831 1182 909 1245 haud

229 1265 327 1344 procul
346 1263 363 1324 ‘a
382 1266 512 1326 laniculo
532 1287 626 1334 arcem
646 1263 696 1326 suo
715 1269 831 1326 nomine
850 1266 907 1326 Sa-

229 1349 352 1406 turniam
375 1345 523 1407 constituit.
547 1343 630 1428 Isque
650 1349 757 1426 primus
778 1347 908 1428 agricul-

230 1445 320 1486 turam
340 1425 472 1500 edocuit,
489 1427 617 1510 fsrosque
636 1425 766 1486 homines
784 1437 812 1487 δι
827 1445 909 1506 tapso

229 1510 321 1567 vivere
333 1506 450 1568 affuetos
461 1555 471 1580 ‚
482 1509 517 1568 ud
537 1511 723 1590 compositam
733 1511 822 1568 vitam
842 1507 910 1566 edu-

228 1589 271 1648 xit
290 1611 296 1646 ε
316 1589 389 1650 unde
406 1591 547 1673 Virgilius
564 1593 594 1650 in
614 1591 716 1650 ostavo
733 1591 772 1648 sic
788 1591 846 1648 ait:

269 1693 336 1754 Haec
347 1715 454 1754 nemora
469 1695 601 1775 indigente
607 1693 713 1764 fauni,
727 1691 911 1772 Nymphaeque

312 1775 438 1834 tenebant
445 1820 456 1844 ‚

274 1854 611 1931 Gensquevirtlmtruncis,
620 1852 718 1915 &duro
727 1853 816 1913 robore
824 1871 909 1913 nuta.-
922 1873 924 1878 ·

274 1936 362 2014 Queis
374 1957 455 2013 neque
468 1957 526 1994 mos
538 1982 549 2008 ,
563 1957 644 2013 neque
657 1937 744 1994 cultus
763 1954 821 1994 erat
836 1960 847 1994 .·
862 1959 910 1995 nec

304 2018 417 2096 jungere
430 2035 543 2084 tauros,

270 2097 330 2157 Aut
346 2119 497 2172 componere
516 2119 578 2172 opes
596 2114 714 2165 norant,
737 2115 784 2156 aut
799 2119 910 2172 parcere

307 2197 388 2252 parto
401 2203 410 2236 .·

268 2258 327 2318 Sed
338 2263 408 2318 rami
420 2279 497 2338 atque
509 2259 587 2336 asper
596 2259 669 2320 villu
680 2277 795 2319 venatus
807 2257 906 2317 alebat.

230 2383 396 2466 Omilloque
411 2387 506 2456 lano,
524 2389 573 2466 qui
590 2381 661 2444 nihil
676 2385 751 2445 aliud
767 2383 853 2465 quim
870 2389 909 2445 ti-

228 2485 290 2528 tum
305 2467 485 2526 colendorum
497 2467 624 2526 Deorum
642 2465 846 2548 religionesque
863 2467 909 2525 in-

230 2547 368 2617 duxerat,
386 2547 415 2610 le
426 2548 547 2608 Saturno
562 2548 661 2607 maluit
672 2549 839 2614 aunestete,
860 2550 908 2626 qui

229 2631 317 2688 vitam
338 2627 485 2710 moresque
503 2628 567 2688 feris
585 2632 671 2688 etiam
690 2647 751 2688 tum
771 2628 910 2688 mentibus

229 2701 392 2783 insinuans,
404 2711 440 2771 ad
449 2730 630 2770 communem
639 2709 808 2777 utilitatem,
823 2727 853 2766 ut
863 2703 911 2766 su·

229 2792 431 2872 prediximus,
443 2789 621 2874 disciplinam
632 2789 744 2852 colendi
756 2791 826 2850 tutis
835 2786 910 2850 edo-
