2060 3662
303 317 491 387 LIBER
540 312 606 385 II.
747 341 788 406 23

111 431 340 515 Samnitibusque
365 441 514 516 junxerunt
535 414 547 494 tv
564 433 613 496 sed
636 435 700 494 crim
726 421 793 495 Ro:

110 536 189 578 mam
209 515 373 588 tenderent,
387 517 472 578 iCn.
489 517 627 580 Cornelio
639 516 794 578 Dolabella

110 593 239 657 Consule
256 596 351 658 deletae
370 595 441 658 sunt.

151 677 208 742 XI,
230 677 343 738 Eodem
370 697 495 779 temyote
520 677 713 750 Tarentinis,
744 681 795 760 qui

109 762 170 838 jam
189 760 220 817 in
239 758 337 822 ultimi
360 760 445 820 Italia
464 759 549 832 sunt,
571 760 677 820 bellum
696 759 793 820 indic-

110 858 173 898 tum
195 836 257 910 est,
280 843 347 922 quia
377 842 477 920 legatis
499 841 695 900 Romanorum
721 843 796 920 inju-

111 922 185 980 tiam
203 917 336 982 fecissent.
351 921 393 981 Hi
404 921 562 1003 Pyrrhum,
584 923 664 1001 Epiri
680 943 795 1005 regem,

113 1021 214 1060 contra
230 1001 378 1062 Romanos
394 1005 424 1062 in
439 1004 575 1062 auxiliurn
592 1000 795 1082 poposcerunt,

113 1084 166 1162 qui
187 1102 221 1141 ex
245 1103 345 1166 genere
359 1081 481 1144 Achillis
500 1085 640 1167 originem
659 1081 796 1148 trahebat.

88 1233 90 1238 ‚
112 1163 143 1224 Is
157 1184 226 1222 mox
237 1165 274 1224 ad
291 1165 404 1226 Italiam
417 1167 519 1234 venit,
539 1164 655 1246 uimque
673 1165 796 1244 primtitn

70 1307 80 1328 ·
113 1243 242 1306 Romani
267 1267 333 1305 curn
359 1245 546 1306 transmarino
572 1243 651 1306 hoste
678 1246 798 1306 dimica·

115 1345 223 1386 verunt.
249 1323 349 1388 Missus
368 1327 407 1389 est
430 1347 527 1388 contra
547 1347 612 1386 eum
630 1325 741 1388 Consul
764 1329 795 1391 P.

115 1405 247 1468 Valerius
273 1408 422 1482 Laevinus,
446 1407 585 1490 quietim
610 1409 797 1488 exploratores

114 1485 217 1628 Pyrrhi
231 1485 362 1569 cepisset,
384 1493 462 1570 jussit
478 1511 525 1550 eos
542 1511 589 1570 per
610 1487 696 1549 castra
715 1490 797 1562 duci,

114 1590 136 1628 o
160 1569 282 1652 endique
296 1591 413 1635 omnem
429 1573 599 1640 exercitum,
618 1569 734 1652 uimque
749 1593 797 1632 eos

113 1649 246 1721 timuisti,
267 1669 298 1710 ut
313 1652 502 1711 renuntiarent
510 1649 619 1732 Pyrrho
633 1695 641 1722 ‚
659 1673 799 1732 quaetum·

116 1751 176 1812 que
194 1731 360 1792 'aRomanis
376 1751 531 1815 agerentur.
550 1730 715 1800 Commissi
731 1753 799 1792 mox

116 1809 217 1895 pugni
238 1857 247 1883 ,
270 1809 333 1872 crim
358 1818 417 1892 jam
440 1810 560 1894 Pyrrhus
583 1812 721 1897 sugeret,
743 1813 800 1872 ele-

138 1890 291 1954 hantorurn
311 1896 417 1954 auxilio
432 1896 501 1954 vicit
518 1917 524 1951 :
544 1911 615 1976 quos
638 1896 813 1976 incognitos¹

116 1914 248 2040 llomani
262 1995 438 2055 expaverunt.
458 1975 514 2036 Sed
530 1997 587 2035 nox
603 1975 697 2056 ptaelio
713 1973 800 2036 finem
826 2016 831 2025 ι

118 2055 207 2116 dedit.
229 2057 356 2124 Laevinus
377 2077 473 2118 tamen
497 2077 543 2138 per
565 2060 679 2116 nostem
702 2055 799 2138 sugit,

118 2135 241 2216 Pyrrhus
257 2137 406 2201 Romanos
420 2138 498 2198 mille
514 2140 692 2220 ostingentos
707 2139 801 2216 cepit,

115 2215 225 2300 eosque
249 2216 362 2278 summo
387 2217 494 2278 honore
515 2220 669 2288 tresiuvits
693 2216 820 2282 occisos

120 2297 258 2380 sepelivit.
287 2301 370 2378 Quos
398 2300 461 2360 etim
490 2296 606 2362 adverso
637 2297 749 2358 vulnere
773 2309 801 2360 δι

110 2383 193 2440 truci
211 2381 312 2453 vultu,
332 2383 423 2441 etiam·
438 2401 586 2450 mortuos,
604 2385 695 2460 §acere
717 2379 804 2442 vidis-

120 2461 183 2532 set,
204 2459 292 2522 tulisse
308 2463 345 2524 ad
363 2465 466 2524 coelum
481 2483 580 2522 manus
596 2461 716 2532 dicitur,
738 2483 802 2524 cum

122 2541 178 2602 hac
195 2564 264 2602 uoce
280 2567 287 2601 t
303 2544 340 2604 Se
353 2547 438 2604 totius
451 2544 525 2603 orbis
538 2545 675 2608 dominum
687 2540 736 2616 effe
750 2565 804 2618 po-

122 2621 201 2697 tutffe
217 2671 227 2701 ,
247 2628 276 2684 si
291 2627 361 2685 tales
375 2625 430 2686 sibi
442 2626 547 2684 milites
563 2621 740 2703 contigissent.

166 2703 233 2765 XII.
255 2705 353 2768 Postea
366 2704 507 2787 Pyrrhus,
527 2707 628 2785 jundlis
647 2706 701 2764 sibi
720 2705 804 2764 Sam·-

124 2787 260 2858 mitibus,
285 2789 433 2858 Lucanis,
460 2785 650 2867 Bruttiisque,
679 2786 805 2844 Romam

126 2871 275 2949 penexit3
306 2871 405 2932 omnis
434 2867 507 2929 serto
536 2869 653 2952 ignique
678 2864 806 2932 vastavit.
