2110 3666
273 286 339 368 362
412 275 604 364 Suxst
640 277 792 350 Ruri

269 395 455 480 Cappadocia
474 398 615 479 migravit.
635 397 743 458 Pontus
754 443 768 470 ,
788 417 838 478 per
855 395 951 462 Pom·

269 482 364 562 poium
392 482 470 540 villo
500 477 668 540 Mithridate
694 499 760 560 rege
792 479 914 540 Pontico
936 527 949 552 ,

268 560 391 624 formum
416 561 563 640 provincia
586 561 702 642 accepit.
727 558 950 639 Paphlagoniam

267 641 439 723 Pylaemenes
453 661 499 700 rex
515 673 524 711 5
542 641 649 700 amicus
668 641 774 722 populo
787 641 948 715 Romano,

267 723 366 783 tenuit.
390 722 467 804 Saepc
487 743 520 781 ex
539 719 703 802 adpulsus,
725 741 815 802 regno
833 719 849 780 *a
864 723 949 785 nobis

266 800 458 864 'cst-restitutus
473 826 481 860 ε
496 823 554 884 quo
572 821 685 862 mortuo
698 802 878 883 rprovincia
890 803 949 864 Pa·
1009 797 1024 805 ”

265 881 332 970 pbla
355 883 455 944 onibus
473 885 606 964 imposita
623 880 672 942 est.

306 905 374 1025 xll.
395 965 480 1048 Ultra
499 969 565 1048 juga
591 965 677 1024 Tauri
695 963 822 1034 montis,
844 983 947 1044 quem·

264 1044 421 1109 admodum
446 1045 578 1114 Romanu
605 1045 755 1124 perrexerit
779 1039 946 1124 poll'essio,

265 1125 449 1212 consequenti
467 1127 595 1186 locorum
612 1126 732 1208 magis,
761 1122 847 1206 quim
871 1143 948 1188 tem-

264 1227 364 1292 porum
394 1205 502 1268 servati
533 1203 710 1289 digestione,
734 1203 946 1271 monstrabitur.

263 1285 444 1359 Antiochus,
466 1287 551 1366 Syria
569 1287 861 1366 impotentissimus,
882 1287 946 1349 bel-

263 1367 323 1429 lum
344 1367 525 1434 formidabile
550 1367 656 1450 populo
681 1365 815 1426 Romano
837 1368 945 1433 intulit.

262 1445 401 1511 Trecenta
417 1449 508 1510 millia
524 1467 696 1510 armatorum
711 1444 810 1506 habuit
826 1469 833 1506 t
852 1446 947 1512 falca-

262 1531 299 1592 tls
317 1534 402 1592 ctiam
421 1519 590 1590 curribdlac
607 1525 761 1610 elephantis
781 1529 871 1588 aciem
890 1530 944 1591 in·

261 1609 378 1684 ſtruxit3
398 1610 415 1671 l
427 1611 557 1693 Scipione
576 1608 688 1676 consule
702 1654 714 1679 ,
734 1606 818 1668 fratre
831 1609 946 1690 Scipio-

205 1699 207 1706 ’
262 1694 307 1752 nis
332 1691 487 1764 Africani,
517 1693 547 1752 ln
570 1689 639 1753 Asia
661 1688 735 1770 apud
758 1689 944 1772 Magnesiam

261 1775 375 1846 vilius,
393 1793 461 1855 pace
474 1769 585 1854 accepti
599 1817 609 1843 ,
631 1772 702 1830 intra
713 1769 840 1830 Taurum
859 1793 945 1834 mon-

261 1871 319 1914 tem
341 1873 455 1955 tegnaco
478 1849 618 1932 permilsus
641 1849 689 1912 oli.
715 1849 784 1929 Ejus
810 1848 862 1912 filii
887 1850 943 1914 sub

187 1966 190 1972 ¹
261 1933 390 1995 clientela
408 1934 505 2016 populi
517 1933 641 1992 Romani
658 1951 777 2014 regnum
790 1930 877 2012 Syriae
894 1954 941 1992 re-

260 2015 401 2086 rinuemnt
412 2039 419 2079 t
432 2016 534 2098 quibus
547 2013 703 2084 dehmdlis,
716 2012 862 2094 Syriarum
875 2033 943 2094 pro·

258 2100 360 2160 vinciis
388 2100 470 2180 potiti
495 2095 598 2157 sumus.
628 2095 724 2154 Cilices
750 2101 778 2152 δι
802 2091 939 2172 lj'auros,

259 2177 351 2262 quise
365 2181 459 2268 piratis
477 2199 509 2237 ac
524 2175 699 2258 pradonibus
712 2174 862 2234 maritimis
874 2179 938 2253 jun⁴

258 2279 376 2331 nerant,
391 2259 522 2320 Servilius
535 2253 682 2339 proconsul
693 2283 702 2329 ᾖ
722 2252 759 2314 ad
772 2253 937 2334 ptaedonum

258 2337 364 2402 bellum
378 2338 472 2402 millus
482 2383 495 2414 ,
514 2335 645 2421 stubegit,
662 2343 689 2396 dt
706 2336 783 2406 viam
795 2355 844 2415 pet
853 2334 937 2396 Tau·

257 2419 321 2484 ium
346 2439 474 2486 montem
519 2421 605 2482 rimus
626 2413 769 2486 instituit3
796 2413 876 2497 isque
898 2416 936 2476 de

255 2501 394 2565 Cilicibus
424 2511 452 2562 δι
480 2440 580 2560 illusis
608 2492 818 2577 triumphavit,
848 2513 936 2586 atque

254 2581 390 2654 isauricus
411 2579 450 2644 est
466 2580 691 2662 cognominatus·

295 2663 400 2725 Xlll.
424 2663 547 2746 Cyprus,
572 2655 683 2724 fumosa
709 2654 837 2726 divitius,
861 2675 934 2736 pau·

254 2763 388 2830 pertatem
407 2741 504 2824 populi
520 2739 669 2808 Romani,
687 2755 718 2798 ut
730 2741 933 2824 occupareturg

255 2825 426 2891 sollicitavit.
452 2823 527 2887 Eam
547 2837 604 2886 rex*
616 2813 766 2882 foederatus
788 2818 932 2900 regebatt
