2060 3662
234 292 279 352 66
402 283 435 349 E
454 301 482 350 u
499 299 563 350 ra
581 297 604 348 o
624 297 645 348 n
663 295 714 348 11

273 400 311 462 X.
332 399 411 464 Alter
433 421 528 462 autem
556 399 710 471 Lucullus,
734 401 784 493 qui
805 398 915 460 Mace·

234 483 353 544 doniam
376 481 608 554 administrabat,
621 481 710 542 bessis
728 501 835 562 primus
854 481 919 541 Ro·

234 585 383 626 manorum
409 565 504 624 intulit
528 563 662 634 bellum,
685 579 769 644 atque
793 582 842 622 eos
866 563 916 623 in·‘

234 648 313 730 genti
338 645 432 726 praelio
453 647 483 704 in
504 644 607 705 Haemo
625 663 723 703 monte
745 641 888 724 superavit
909 665 917 702 r

233 727 370 808 oppidum
394 724 613 797 Uscudamam,
635 724 713 806 quod
732 723 810 784 Bessi
834 722 944 785 habi«.

233 808 352 878 rabant,
368 808 469 868 eodem
490 806 554 880 die,
572 828 630 889 quo
643 802 783 890 aggrell'us
801 803 855 877 est,
874 807 918 865 vi·

234 891 274 949 cit
291 914 298 946 ι
317 889 448 970 Cabylen
470 890 544 968 cepit
561 911 568 944 t
590 885 627 948 us
643 907 676 946 ue
694 887 730 946 ad
747 887 918 948 Danubium

234 972 398 1053 penetravit.
415 968 485 1030 Inde
503 967 605 1028 multas
623 910 703 1048 lupra
721 968 846 1028 Pontum
863 989 919 1048 po·

236 1055 303 1114 sitas
325 1053 454 1112 civitates
478 1073 494 1111 a
550 1047 618 1110 ellus
642 1047 687 1108 est.
708 1048 770 1108 Illic
790 1049 918 1130 Apollo-

236 1137 315 1194 niam
342 1135 466 1202 evertit,
528 1132 640 1201 alarin,
672 1127 917 1210 Parthenopolin,

236 1215 365 1284 Tomos,
383 1211 528 1282 Histrum,
546 1212 733 1272 Burziaonem
752 1213 825 1293 ce'pir
838 1235 845 1268 :
860 1211 921 1270 bel·

237 1297 322 1376 loque
348 1292 500 1364 confecto,
533 1293 659 1352 Romam
688 1291 801 1351 rediit:
831 1293 920 1354 ambo

237 1396 334 1436 tamen
364 1371 605 1453 triumphaverunt
635 1396 644 1431 r
677 1373 833 1444 Lucullus,
869 1375 921 1454 qui

239 1475 336 1516 contra
360 1453 559 1516 Mithridatem
584 1473 782 1538 pugnaverat,
817 1457 922 1533 majori

238 1536 360 1679 glppsilb,
390 1536 455 1597 crim
478 1555 622 1597 tantorum
645 1555 797 1620 regnorum
829 1537 922 1597 vidior

239 1639 268 1678 re
288 1641 297 1677 1
320 1638 356 1679 et.

280 1701 332 1760 XI.
354 1697 500 1761 Confecto
520 1700 596 1759 bello
619 1697 833 1770 Macedonico,
853 1717 919 1758 ma·

240 1801 324 1840 nente
343 1778 563 1850 Mithridatico,
588 1779 682 1860 quod,
702 1779 847 1840 recedente
867 1781 923 1846 Lu·

241 1862 339 1931 cullo,
371 1881 418 1920 rex
445 1861 569 1920 colleffls
590 1862 700 1920 auxiliis
726 1881 921 1942 reparaverat,

242 1942 349 2001 bellum
370 1940 516 2000 Creticum
535 1961 628 2000 orrum
651 1939 689 1999 est
713 1960 721 1998 r
744 1942 779 2001 ad
804 1942 833 2002 id
854 1939 924 2002 mis-

242 2020 288 2083 sus
313 2021 446 2084 Caecilius
468 2021 620 2093 Metellus,
640 2024 801 2105 ingentibus
823 2025 923 2104 praeliis

242 2105 315 2164 intra
329 2103 480 2162 triennium
498 2123 613 2161 ornnem
635 2103 811 2182 provinciam
830 2107 923 2185 cepit,

243 2181 453 2265 appellatusque
472 2181 513 2243 est
531 2183 684 2255 Creticus3
707 2203 792 2264 atque
815 2205 848 2244 ex
874 2187 922 2246 in-

243 2263 304 2326 suli
320 2263 513 2345 triumphavit.
530 2265 599 2342 Quo
609 2283 734 2345 tempore
745 2267 837 2347 Libya
849 2287 924 2348 quo·

243 2367 298 2426 que
323 2345 458 2405 Romano
485 2347 629 2424 imperio,
658 2367 705 2425 per
726 2345 924 2408 testamentum

245 2428 388 2507 Apionis,
418 2427 467 2506 qui
491 2445 538 2484 rer
562 2430 620 2504 ejus
643 2425 752 2499 fuerat,
777 2430 924 2490 accessit:

247 2509 277 2566 in
318 2505 355 2566 ub
374 2507 485 2588 inclyta
505 2508 630 2568 civitates
654 2528 753 2582 erant,
773 2509 927 2583 Berenice,

245 2529 424 2660 Ptolemais,
443 2596 470 2648 δι
491 2587 613 2670 Cyrene.

285 2668 353 2729 XII.
373 2669 452 2729 Dum
467 2666 526 2729 baec
547 2689 697 2753 geruntur,
715 2673 809 2752 piratae
827 2673 928 2732 omnia

246 2751 335 2810 maria
345 2749 577 2822 infestabant,ita
587 2752 849 2824 utRomanis,toro
858 2753 929 2812 orbe

247 2831 420 2905 vilioribus,
441 2830 503 2894 sola
523 2835 669 2918 naviga&
694 2853 753 2895 rura
770 2855 830 2897 uon
851 2831 926 2894 effer.
