2110 3666
316 361 683 418 irrisoriae
755 376 886 440 327,

146 465 297 549 aspergens
314 468 463 529 hominem
485 469 607 552 eleganti
624 475 711 549 joco,
731 471 825 532 Subli-

146 553 220 609 mius
234 547 396 610 habendum
413 571 506 636 regere
525 553 650 634 aliquam
664 552 751 612 ltalia
764 565 827 633 par·
888 617 892 626 ,

147 649 227 701 tem,
253 630 339 711 qu‘am
360 651 436 692 trans
462 633 547 710 Alpes
568 654 692 716 regnare.
713 633 824 694 Novis·

146 711 218 774 sime
248 711 345 772 staude
372 710 442 773 servi
469 711 535 784 sul,
561 717 611 794 qui
633 714 667 773 ad
686 713 828 796 quosdam
858 763 862 768 .

148 794 285 852 militares
317 795 394 853 viros
425 797 532 853 amicos
566 796 678 874 ipsius,
707 798 826 857 nomina

148 874 260 956 pertulit
280 892 436 946 annotata,
456 872 529 934 falso
548 881 663 934 manum
685 880 742 955 ejus
764 879 828 937 imi·

149 973 243 1024 tatus,
265 974 324 1015 tam
346 977 413 1016 uam
434 957 599 1015 Aurelianus
624 955 698 1036 ipsos
719 978 827 1037 pararet

149 1035 299 1106 occidere,
320 977 357 1097 al)
375 1036 473 1096 iisdem
497 1036 658 1096 interfestus
677 1035 762 1097 estin
780 1041 828 1097 iti-

149 1119 222 1176 neris
244 1117 361 1190 medio,
380 1117 458 1200 quod
483 1120 553 1177 inter
578 1117 768 1178 Constantino
810 1153 825 1165 ·

148 1198 199 1256 lim
220 1207 247 1258 &
268 1199 435 1259 Heracleam
456 1197 503 1257 est.
520 1200 584 1258 Fuit
606 1197 691 1258 saevus
711 1209 737 1260 &
758 1223 824 1274 ,an-

150 1281 312 1361 guinarius,
336 1290 363 1341 δι
384 1299 444 1340 trux
466 1282 713 1360 omnitempore,
741 1283 827 1341 etiam

151 1357 204 1418 filii
223 1358 325 1420 sororis
343 1360 511 1421 interfector.
533 1361 599 1422 Hoc
622 1380 746 1441 tempore
766 1360 828 1444 sep-

150 1459 208 1499 tem
229 1441 370 1501 mensibus
389 1445 540 1524 interregni
562 1439 579 1500 s
594 1443 665 1501 ecies
685 1445 785 1503 evenit.

191 1520 359 1582 XXXVI.
386 1522 502 1582 Tacitus
526 1463 592 1604 poll
610 1520 683 1582 hunc
710 1522 829 1604 suscepit

151 1603 324 1684 Imperium,
342 1607 386 1664 vir
405 1624 468 1698 egre
491 1603 517 1661 ie
539 1622 683 1674 moratus,
719 1607 748 1662 ui
768 1605 825 1663 du-

151 1685 305 1743 centesimo
329 1684 445 1766 Imperii
468 1625 513 1744 Ire
537 1683 611 1764 apud
633 1626 755 1744 Tarium
779 1685 825 1744 fe-

93 1811 98 1814 .
150 1764 193 1824 bri
214 1767 339 1823 moritur.

142 1913 145 1918 Ι
190 1845 266 1904 Huic
286 1845 415 1905 suecessit
434 1847 586 1906 florianus.
606 1845 660 1907 Sed
681 1844 744 1908 etim
766 1869 828 1908 ma-

172 1949 207 1986 na
226 1948 287 2007 pars
305 1927 437 1988 exercitius
455 1929 603 2008 Equitium
622 1928 745 1990 Probum
766 1933 825 1988 mi-

148 1946 215 2067 litiae
245 2010 363 2088 peritum
393 2007 522 2092 legislet,
547 2010 691 2069 Florianus
719 2011 827 2070 dierum

150 2087 295 2170 sexaginta
316 2092 396 2169 quasi
418 2111 465 2168 per
484 2088 582 2147 ludum
602 2090 645 2147 Im
667 2093 724 2148 erio
743 2090 825 2164 usus,

150 2171 243 2229 incisis
263 2167 279 2229 ‘a
297 2167 446 2252 semetipso
465 2173 560 2240 venis,
583 2111 671 2229 effutit
692 2169 827 2256 sanguine

149 2249 391 2330 consumptus'est.

191 2331 346 2392 XXXVII.
368 2332 474 2392 Probus
514 2334 602 2392 enitus
614 2349 689 2412 patre
704 2331 824 2416 agresti,

151 2410 296 2473 hortorum
323 2411 474 2484 studioso,
534 2415 650 2473 almatio
681 2419 825 2485 nomine,

150 2495 298 2573 imperavit
320 2515 409 2555 annos
437 2494 491 2554 sex.
516 2493 569 2554 Iste
594 2495 773 2554 Saturninum
795 2499 826 2557 in

151 2574 288 2645 Oriente,
301 2575 450 2635 Proculum
468 2584 495 2636 δι
506 2573 651 2635 Bonosum
666 2578 826 2659 Agrippina

151 2655 337 2735 Imperatores
355 2653 469 2720 effectos
481 2660 621 2737 oppressit.
636 2655 743 2716 Vineae
757 2657 826 2717 Gal·

150 2737 195 2796 los
216 2747 242 2797 &
263 2738 425 2797 Pannonios
450 2735 552 2796 habere
575 2739 706 2819 permisit.
731 2737 826 2816 Opere

150 2817 264 2876 militari
286 2819 401 2879 Almam
424 2837 550 2878 montem
572 2818 644 2898 apud
667 2819 799 2878 Sirmium
813 2867 826 2890 ‚

149 2906 177 2957 δι
205 2902 328 2962 Aureum
357 2900 431 2983 apud
461 2900 598 2962 Moesiam
627 2897 825 2980 superiorem,
