2110 3666
237 327 303 393 372
378 303 567 376 SEXTI
606 307 756 378 Bul-'1

234 419 421 516 impertisset,
440 441 471 482 ur
489 443 617 504 reparato
636 424 913 488 de'limitaneisDa-
934 417 937 422 ¹

147 523 151 535 ·
234 521 284 562 etz
302 506 440 573 exercitu,
459 525 590 565 eventum
609 505 711 564 Martis
731 527 863 584 repeteret
882 512 912 569 in

234 581 398 644 Armeniam
420 589 577 662 majorem,
597 586 655 665 ipse
676 588 826 666 imperator
845 610 911 650 cum

234 662 343 724 duobus
356 667 494 745 equitibus
507 667 660 742 exploravit
676 664 767 727 hostes
783 691 789 725 :
804 677 831 730 δι
845 689 912 729 curn

233 745 336 825 viginti
355 748 478 826 quinque
497 748 620 807 millibus
639 748 760 806 militum
780 747 911 827 superve-

233 825 314 884 niens
338 825 429 886 castris
452 825 622 898 hostilibus,
646 826 739 888 subitd
762 831 910 892 innumera

231 900 378 966 Persarum
399 910 515 989 agmina
541 905 699 990 adgressus,
726 908 761 968 ad
783 912 908 970 interne-

234 986 346 1045 cionem
364 989 472 1048 cecidit.
494 990 554 1049 Rex
568 988 710 1048 Persarum
726 988 848 1050 Narseus
866 989 911 1051 es-

234 1064 334 1148 fugit3
357 1090 426 1128 uxor
447 1074 505 1149 ejus
526 1080 553 1130 δι
576 1069 639 1130 siliae
661 1090 746 1148 capre
768 1067 853 1142 sunt,
882 1081 911 1133 δι

234 1167 300 1206 curn
318 1148 442 1208 maximst
461 1150 599 1228 pudicitie
617 1149 741 1210 custodid
755 1149 907 1212 reservate.

233 1223 362 1309 Proque
380 1229 617 1290 administratione
637 1229 724 1290 Persas
741 1253 800 1290 non
820 1231 911 1292 modo

233 1311 342 1382 aruris,
366 1311 517 1380 sedetiam
539 1313 663 1380 moribus
685 1309 836 1390 superiores
857 1309 912 1375 effe
931 1309 932 1316 '

233 1387 381 1452 Romanos
393 1389 588 1452 confessisunt
603 1415 610 1449 τ
625 1413 657 1451 ac
667 1390 910 1472 Mesopotamiam

234 1489 300 1530 eum
306 1469 535 1555 Transtigritanis
544 1475 668 1554 quinque
679 1474 839 1555 regionibus
850 1475 912 1536 red·

234 1551 372 1614 diderunt.
387 1554 445 1613 Pax
458 1551 555 1625 sidu
567 1551 604 1612 us
620 1573 653 1612 ue
667 1551 702 1612 ad
715 1551 837 1613 nostram
850 1575 911 1618 tne-

235 1630 355 1696 moriani
375 1633 545 1712 Reipublicae
566 1575 642 1694 uelis
656 1632 820 1713 perduravit.

274 1713 397 1776 XXVI.
420 1713 621 1775 Constantinus
639 1735 729 1774 tenant
751 1714 883 1776 dontinus
896 1763 909 1788 ,

234 1813 361 1855 extremo
381 1798 443 1855 vitae
462 1793 515 1854 suae
534 1815 680 1875 tempore,
703 1795 911 1874 expeditionem

234 1879 343 1956 paravit
362 1879 392 1934 in
405 1873 499 1935 Persas
517 1899 524 1932 r
543 1895 606 1935 toto
623 1879 698 1934 eitim
716 1877 785 1935 orbe
803 1879 911 1955 pacatis

234 1957 386 2038 gentibus,
413 1965 440 2019 δι
461 1957 563 2014 recenti
584 1955 618 2015 de
636 1953 742 2016 Gothis
780 1957 913 2018 loriosior

142 2041 146 2048 ‘
234 2035 372 2109 vislerid,
392 2038 484 2097 multis
500 2035 639 2097 in'Persas
656 1977 842 2096 descendebat
858 2059 913 2130 ag·

235 2119 368 2179 minibus.
392 2119 450 2178 Sub
473 2123 550 2198 cujus
573 2118 724 2178 adventum
747 2115 913 2196 Babylontae

234 2201 265 2258 in
277 2217 386 2260 tantum
398 2220 485 2282 regna
498 2197 687 2280 trepidirunt,
703 2217 734 2257 ur
745 2195 858 2277 supplex
874 2199 913 2259 ad

235 2299 301 2338 eum
315 2281 421 2363 legatio
434 2301 583 2340 accurreret
599 2290 626 2340 δι
639 2277 761 2339 sessuros
774 2281 913 2356 imperata

235 2363 416 2440 promitteret·
438 2361 500 2420 Nec
516 2381 610 2420 tamen
646 2381 678 2418 ro
700 2357 817 2418 assiduis
829 2377 915 2437 erup-

235 2441 381 2512 tionibus,
396 2461 465 2522 quas
483 2439 533 2501 sub
549 2381 718 2502 Consentio
735 2435 847 2500 Caesare
864 2459 915 2518 per

235 2519 383 2582 Orientem
403 2539 576 2582 tentaverant
589 2567 598 2592 ,
610 2522 722 2580 veniam
739 2538 913 2581 meruerunt.

274 2600 362 2661 XXV
365 2603 401 2661 ll.
423 2601 605 2662 Constantius
622 2604 653 2660 in
666 2597 760 2660 Persas
777 2599 857 2658 vario
877 2619 914 2659 ac

234 2687 327 2766 magis
342 2683 447 2742 difficili
468 2685 604 2765 pugnavit
622 2701 731 2740 eventu.
754 2679 854 2738 Ptaeter
869 2679 915 2738 lea

234 2783 282 2823 ves
300 2764 496 2824 excubantium
518 2767 547 2823 iu
567 2764 657 2825 limite
678 2763 887 2899 conppessiones
901 2807 915 2831 ,

200 2875 204 2884 ·
234 2845 336 2906 acriori
349 2848 410 2908 acie
424 2845 522 2907 novies
534 2844 735 2906 decertatione
771 2863 782 2912 3
803 2859 852 2922 per
864 2839 921 2902 du·
