2110 3666
231 363 300 442 296
354 352 478 423 Aua.
507 352 781 423 Virronis

228 496 277 534 reo
294 472 516 554 paludamento,
532 491 611 531 curru
628 473 728 555 bi'ugo
749 471 913 533 decucurrit.

225 554 342 616 Dehinc
359 553 376 614 *a
395 556 533 614 militibus
553 495 693 614 consollus
715 557 830 613 interiit.

266 636 325 697 lV.
347 635 485 696 Claudius
505 635 662 705 Tiberius,
683 635 792 704 Drusi,
815 634 911 694 Tibe-

226 718 261 776 rii
282 715 396 788 fratris,
420 715 517 788 filios,
537 715 677 798 Caligulae
700 736 833 794 patruus,
855 718 913 774 im-

226 802 335 878 peravit
347 801 436 858 annos
452 797 676 879 quatuordecim.
692 795 763 868 Iste,
783 795 846 856 crim
860 797 913 856 Se-

226 898 308 939 natus
329 877 493 951 censuisset,
535 897 628 938 entem
648 877 793 939 Caesarum
814 895 910 937 exter·

226 963 355 1032 minari,
375 960 501 1020 deformi
514 899 627 1019 latebr'a
645 960 731 1018 latere
753 979 875 1038 repertus
893 958 911 1020 d

227 1043 385 1114 militibus,
413 1044 480 1124 quia
508 1059 723 1116 retorserat,
750 1043 911 1102 mitissimus

226 1123 373 1184 videbatur
382 1123 622 1206 imprudentibus,
635 1124 787 1202 imperator
797 1119 911 1192 effessius

227 1203 274 1264 est.
295 1205 353 1264 Hic
371 1208 484 1276 ventri,
503 1207 592 1274 vino,
613 1203 726 1263 libidini
745 1203 820 1262 foedd
835 1205 919 1262 obe-·

227 1285 325 1356 diens,
344 1307 441 1346 vecors
462 1294 488 1345 δι
507 1285 593 1366 prope
612 1284 718 1355 hebes,
740 1287 858 1368 ignavus
878 1307 911 1344 ae

226 1366 367 1447 pavidus,
396 1367 561 1426 libertorum
585 1368 761 1448 &conjugis
786 1368 912 1446 imperiis

227 1445 366 1528 subjesius
392 1447 471 1508 suit!
472 1447 570 1527 Hujus
595 1467 721 1528 tempore
742 1447 910 1507 Scribonia-

227 1551 278 1588 nus
306 1529 447 1591 Camillus
475 1532 549 1589 intra
569 1529 730 1589 Dalmatius
752 1529 912 1608 Imperator

228 1630 357 1682 creatus,
390 1609 525 1670 continui>
544 1610 700 1688 occiditur.
722 1611 818 1669 Mauri
840 1631 911 1691 pro-

186 1705 189 1712 '
227 1695 327 1752 vinciis
343 1689 483 1752 accellire.
500 1690 582 1752 Caesa
595 1689 836 1752 Musulamiorum
853 1699 915 1752 ma'·

228 1795 279 1834 nus
300 1772 348 1832 est.
372 1775 457 1857 Aqua
478 1773 602 1838 Claudia
623 1773 723 1832 Romae
743 1772 912 1835 introdusta.

227 1854 320 1935 Hujus
333 1875 402 1913 uxor
420 1851 569 1915 Melsalina
583 1852 675 1934 primi)
690 1857 812 1934 passim,
851 1858 913 1916 uasi

226 1939 307 2014 jure,
338 1935 478 1994 adulteriis
508 1935 644 1995 urebatur.
673 1936 718 1995 Ex
747 1957 804 2017 quo
831 1875 912 1996 sardio

229 2031 232 2036 ’
247 2012 318 2076 lures
332 2035 409 2076 metu
424 2013 614 2086 abstinentes,
628 2015 753 2076 exstinsii
771 2015 843 2077 sunt.
853 2017 914 2078 De·

227 2037 295 2158 dinc
315 2096 435 2158 atrocitis
455 2095 593 2169 accensa,
615 2098 769 2157 nobiliores
787 2097 913 2180 quasque

228 2197 326 2260 nuptas
347 2181 511 2263 &virgines
531 2178 686 2239 scottorum
708 2179 797 2239 modo
815 2178 930 2240 secum·

226 2259 432 2341 proposuerat,
461 2263 607 2342 coasiique
635 2281 749 2330 mares,
770 2279 800 2320 ut
822 2258 910 2319 ades-

226 2339 297 2402 sent.
330 2339 421 2419 Quod
446 2345 537 2423 siquis'
562 2343 630 2402 talia
654 2339 830 2412 horruerat,
853 2341 911 2400 ad-

228 2421 295 2482 fleto
317 2425 460 2492 erimine,
484 2425 513 2482 in
538 2422 649 2504 ipsum,
671 2443 841 2504 omnemque
865 2421 913 2482 fa-

228 2505 339 2563 miliam
360 2508 418 2582 ejus
437 2499 623 2574 saeviebatur3
645 2523 675 2562 ut
691 2506 784 2586 magis
801 2502 914 2563 uidere-

228 2605 272 2645 tur
298 2583 349 2644 sub
370 2585 567 2664 Imperatore,
594 2589 654 2644 viro
674 2583 760 2666 quim
785 2585 913 2664 impera-

228 2667 307 2737 tori,
332 2685 417 2746 nupta
440 2662 500 2725 else.
522 2667 565 2726 Ita
587 2667 679 2726 liberti
705 2672 763 2745 ejus
783 2665 911 2747 potesta-

228 2767 286 2808 tem
297 2746 437 2806 summam
449 2747 559 2828 adepti,
570 2745 684 2826 stupris,
699 2748 815 2817 exsilio,
826 2747 918 2822 caede,

228 2828 477 2970 proscriptionibus
487 2830 610 2900 ,omnia
623 2828 777 2888 foedabant.
789 2829 834 2888 Ex
848 2831 917 2910 qui-

249 2931 279 2971 us
303 2905 425 2972 Felicem
451 2911 610 2994 legionibus
636 2909 737 2971 Judaeae
761 2910 912 2992 praefecit:
