2142 3664
239 327 310 390 244
381 302 505 374 Aua.
545 303 757 372 Vrcron

238 420 321 484 nese
345 421 515 504 expeditioni
539 441 588 482 aut
611 443 710 505 pugna
732 421 806 502 ptius
830 443 916 482 com-

239 505 383 574 mitteret,
403 501 488 584 quam
506 501 641 562 sedamm
658 503 743 562 ardua
761 512 789 563 dc
806 505 918 564 occulta

238 579 443 662 explanavillet.
461 583 504 642 Ita
520 585 624 642 incerta
642 583 710 642 belli
728 588 785 661 ejus
806 581 892 644 salute
905 631 917 655 ,

239 662 370 722 domina
391 661 486 722 studiis
508 665 724 734 metuebantu13
751 683 918 745 tantumque

237 744 289 802 illo
307 745 461 822 imperante
479 745 594 802 floruere
612 763 682 803 atres
702 745 783 803 bonae
796 790 808 814 ,
832 764 862 804 ut
880 747 918 804 il-

237 823 297 884 lam
315 824 436 906 gloriam
454 825 538 882 etiam
556 843 715 902 temporum
734 843 838 905 putem.
860 825 918 884 Le-

238 925 307 986 gum
326 904 403 962 ambi
425 925 460 962 ua
479 904 549 962 mire
568 902 719 974 distincta,
740 904 919 964 vadimonio·

239 1005 358 1066 tumque
371 925 491 1044 sosemni
504 1004 633 1055 remoto,
649 984 849 1044 denuncian'dat¹
861 986 918 1046 litis

239 1064 451 1146 operiendatque
475 1064 512 1123 ad
533 1064 608 1149 diem
627 1065 778 1124 commode
802 1070 845 1143 jus
867 1067 917 1126 in·

239 1145 410 1207 troduclum.
428 1145 504 1204 Data
521 1147 626 1206 cunctis
646 1144 802 1224 promiscue
821 1147 920 1216 civitas

238 1225 373 1285 Romana
385 1248 395 1296 3
414 1226 508 1286 multa:
521 1226 601 1286 urbes
615 1225 756 1294 conditae,
775 1225 918 1298 dedudlae,

239 1308 387 1386 reposita,
401 1324 560 1386 omataeque
574 1329 584 1378 3
598 1324 681 1388 atque
695 1308 727 1365 in
744 1307 840 1385 primis
853 1306 921 1386 Poe-¹

240 1408 342 1448 notum
359 1383 531 1468 Carthago„
552 1407 638 1467 quam
659 1389 669 1444 i
690 1388 733 1446 nis
752 1385 826 1445 foedd
849 1408 920 1447 con·

241 1464 417 1546 sumpserat3
439 1467 568 1546 Asiaque
589 1408 738 1546 Ephesus,
760 1489 793 1526 ac
812 1464 916 1548 Bithy-

240 1549 293 1606 niae
305 1546 476 1607 Nicomedia
485 1545 629 1620 constrata
640 1567 715 1607 terrac
726 1567 824 1621 motu,
839 1549 919 1628 aeque

239 1650 273 1688 ac
285 1625 377 1691 nostra
387 1647 466 1690 aetate
477 1626 648 1688 Nicomedia
660 1628 772 1697 Cereali
781 1626 917 1688 Consule.

238 1703 393 1788 Triumphi
406 1710 461 1770 acti
475 1729 508 1768 ex
522 1710 683 1774 nationibus
695 1730 757 1789 quae
769 1710 829 1792 tegi
841 1710 920 1768 Mau

241 1811 358 1848 comato
372 1789 408 1848 ab
422 1786 457 1850 us
474 1809 508 1850 ue
521 1790 589 1848 urbe
603 1791 776 1860 Pannoniae,
791 1791 835 1848 cui
848 1789 919 1850 Cat·

239 1889 312 1936 nuto
326 1889 431 1929 nomen
444 1811 483 1928 elr
495 1913 506 1938 ,
520 1869 557 1929 ad
574 1869 669 1928 media
683 1869 831 1932 Gallorum
848 1891 916 1949 pto*

242 1947 435 2008 tendebantur.
453 1949 497 2008 Ita
514 1971 589 2008 anno
608 1951 722 2030 Imperii
741 1953 843 2009 ostavo
864 1951 917 2008 de·

240 2032 374 2110 cimoque
388 2073 398 2100 ,
416 2029 469 2089 aevi
482 2029 601 2092 validior
613 2075 622 2100 ,
636 2031 825 2090 Vendobonae
840 2032 916 2090 inte-

242 2112 312 2181 riit,
334 2109 459 2170 maximo
499 2111 587 2169 emitu
600 2112 761 2170 mortalium
778 2111 916 2172 omnium.

175 2245 179 2251 .
242 2191 374 2271 Denique
399 2191 449 2270 qui
472 2130 588 2271 lgejuneli
616 2193 645 2250 in
662 2191 723 2249 aliis
744 2191 862 2260 Patres,
885 2212 931 2260 ac,

242 2270 366 2353 vulgus,
390 2268 443 2330 soli
469 2274 568 2332 omnia
590 2271 758 2340 decrevere,
783 2270 917 2356 templa,
980 2305 983 2310 .

241 2351 410 2420 columnas,
429 2348 593 2412 sacerdotes.

284 2426 381 2494 XVII.
403 2432 442 2489 At
460 2429 531 2494 filius
548 2429 619 2492 saevd
637 2427 653 2488 ‘t
671 2429 807 2509 principio
824 2428 919 2488 dorni-

244 2514 357 2578 natione
380 2507 566 2572 detestabilior
587 2507 761 2580 habebatur,
784 2511 919 2590 ptaecipud

242 2613 290 2675 per
319 2594 457 2666 majorum
488 2589 694 2650 controversam
724 2592 918 2660 memoriam,

244 2669 435 2752 quae'postetis
452 2668 538 2750 usque
554 2669 700 2753 edgtavis
719 2667 780 2739 est,
801 2687 832 2728 ut
846 2668 917 2731 abs*
951 2692 954 2698 ·

243 2773 298 2832 que
317 2752 463 2816 communi
478 2752 507 2810 in
526 2751 629 2829 impios
646 2748 735 2820 odio,
756 2751 836 2828 quasi
854 2771 919 2809 cot-

242 2851 366 2917 ruptores
384 2831 492 2916 generis
512 2829 732 2896 exsecrabiliotes
751 2831 815 2892 sint.
837 2830 917 2894 Bello
