2142 3664
223 333 279 385 ua
299 314 418 386 Vrars
436 331 725 386 rrrusrarrus.
756 342 817 406 191

129 432 327 495 ‘nihilominus
353 435 521 516 periclitanti
545 433 682 496 subvenit.
709 435 824 497 Hanni·

144 515 237 576 balent
260 519 290 576 in
310 537 379 600 agro
402 517 521 577 Falerno
549 518 668 578 inclusit.
695 517 823 578 Marium

143 596 285 657 Statilium
303 596 475 681 transfugere
493 597 529 660 ad
549 595 639 658 hostes
657 599 822 670 volentem,

144 698 218 758 equo
231 680 357 738 &armis
377 678 489 738 donaris
506 679 640 749 retinuit,
661 687 688 739 δι
706 679 823 739 Lucano

144 758 258 818 cuidam
285 759 463 830 fortissimo,
490 760 529 818 ob
553 779 680 819 amorem
701 762 825 821 mulieris

145 837 339 920 infrequenti,
361 840 480 900 eandem
499 857 623 919 emptam
641 839 717 899 dono
738 841 823 902 dedit.

145 918 303 979 Tarentum
328 919 364 978 ab
392 917 516 980 hostibus
543 923 667 1000 recepit3
696 920 826 982 Herculis

147 1002 261 1084 signum
278 1000 342 1060 inde
359 1003 519 1062 transsatum
539 1004 569 1060 in
583 1001 731 1080 Capitolio
746 1002 826 1062 dedi-

148 1084 231 1141 cavit.
262 1083 308 1142 De
336 1081 529 1164 redemptione
557 1083 730 1162 captivorum
761 1103 825 1142 cum

148 1159 274 1223 hostibus
291 1165 420 1247 pepigit,
440 1162 517 1247 quod
534 1167 647 1242 pactum
667 1159 731 1221 crim
750 1161 827 1223 fase-

149 1263 218 1303 natu
229 1245 452 1326 improbaretur,
472 1243 592 1304 fundum
606 1241 687 1303 suurn
701 1244 827 1304 ducentis

149 1324 274 1386 millibus
290 1325 438 1398 vendidit,
455 1335 482 1386 δι
500 1324 566 1384 lidei
583 1323 636 1386 suae
652 1322 794 1386 satisfecit.

137 1411 141 1420 '
190 1404 312 1466 XLIV.
334 1407 449 1467 Publius
473 1407 568 1486 Scipio
587 1405 713 1477 Nasica,
737 1404 754 1465 ‘a
775 1407 827 1466 Se-

148 1503 217 1546 natu
229 1489 272 1547 vir
286 1489 410 1568 optimus
422 1485 576 1564 judicatus,
590 1486 716 1546 Matrem
731 1485 827 1546 Derim

139 1564 275 1648 hospitio
291 1569 402 1648 recepit.
419 1568 445 1626 Is
463 1565 526 1626 crim
543 1565 689 1626 adversum
704 1566 827 1647 auspicia

150 1645 307 1708 Consulem
327 1647 354 1706 se
372 1646 388 1707 *a
408 1645 540 1708 Graccho
558 1649 735 1706 nominatum
752 1669 830 1707 com·

172 1725 283 1800 erilset,
311 1725 472 1810 magistratu
494 1726 522 1788 se
543 1727 694 1787 abdicavit.
719 1727 830 1788 Censor

151 1747 274 1881 laeuas,
293 1829 362 1891 quas
378 1809 431 1868 sibi
468 1807 514 1868 uis
531 1829 564 1868 ue
579 1828 627 1890 per
642 1807 829 1868 ambitionem

152 1891 183 1949 in
199 1889 263 1950 soro
279 1890 425 1972 ponebat,
446 1830 501 1950 sust
533 1892 563 1950 't.
582 1887 693 1951 Consul
710 1890 828 1950 Delmi-

151 1991 220 2032 num
239 1972 336 2032 urbem
353 1971 550 2032 Dalmatarum
569 1971 830 2055 expugnavit.lm-

152 2056 285 2134 peratoris
301 2073 406 2114 nomen
418 2050 435 2112 *a
446 2053 603 2124 militibus,
625 2061 653 2113 δι
672 2052 709 2111 ab
725 2053 830 2114 Senatu

152 2133 325 2214 triumphum
344 2135 472 2194 oblatum
491 2129 651 2194 recusavit:
670 2132 831 2214 eloquentia

93 2279 95 2284 ,
152 2216 279 2294 primus,
299 2215 366 2294 juris
386 2213 501 2274 scientia
522 2210 762 2284 consultissimus,
781 2216 830 2272 in-

153 2296 239 2435 genio
260 2293 501 2374 sapientissimus,
525 2292 599 2353 unde
616 2291 703 2377 vulgb
721 2292 833 2355 Corcu-

139 2381 143 2388 '
166 2397 213 2435 um
231 2377 330 2437 dicius.

197 2458 298 2519 XLV.
319 2457 433 2518 Marcus
449 2455 601 2516 Marcellus
616 2454 831 2516 Viridomanrm

156 2537 306 2605 Gallorum
334 2538 434 2598 ducem
465 2537 601 2620 singulari
630 2537 723 2616 praelio
749 2535 831 2596 fudit.

156 2619 280 2697 (Spolia
297 2641 316 2678 o
337 2621 394 2678 ima
411 2618 476 2677 Iovi
492 2619 613 2676 Feretrio
631 2620 724 2676 tertius
742 2615 758 2676 ‘a
774 2617 832 2676 Ro-

156 2702 236 2759 mulo
255 2638 433 2760 consdcravit.
456 2697 565 2758 Primus
586 2696 683 2758 docuit
705 2718 832 2778 quomo-

156 2782 194 2840 do
218 2781 321 2840 milites
337 2778 485 2848 cederent,
506 2799 557 2838 nec
576 2797 654 2862 terga
674 2776 833 2858 praeberent.

155 2853 349 2924 Hannibalem
375 2869 387 2937 )
419 2858 494 2942 apud
533 2859 640 2921 Nolam
664 2903 673 2930 ,
705 2859 832 2919 locorum
