2110 3666
173 325 175 332 ’
240 355 307 419 344
356 331 482 402 Ana.
513 331 794 402 Vrcronrs

236 451 408 534 Reipublicae
428 472 512 534 atque
539 451 669 514 defensor
690 455 819 512 eximius.
844 451 924 514 Nam

235 532 359 594 Hunnos
376 543 403 593 δι
422 531 556 603 Gothos,
577 537 626 615 qui
646 555 709 594 ear-n
727 533 779 594 sub
798 533 924 594 Valente

236 612 456 697 defatigaffent,
482 614 597 676 diuersis
620 615 719 694 praeliis
738 617 816 674 vicit.
842 614 923 676 Cum

235 696 324 756 Persis
344 716 459 778 quoque
479 697 580 776 petitus
598 717 697 777 pacem
715 697 832 780 pepigit.
852 697 924 757 Ma·-

233 779 343 838 1imum
365 798 459 837 autem
481 796 657 860 tyrannum,
678 779 729 859 qui
747 777 921 839 Gratianum

234 857 440 928 interfecerat,
464 868 492 920 &
520 859 574 918 sibi
598 859 709 920 Gallias
733 858 921 931 vindicabat,

235 938 311 1019 apud
339 940 502 1022 Aquileiam
534 938 661 1000 exstinxit
684 963 694 1010 3
715 940 921 1022 Villoremque
947 987 949 990 -

236 1027 295 1100 ejus
307 1019 419 1092 filium,
434 1023 507 1082 intra
518 1021 644 1082 infantiae
656 1043 746 1082 annos
760 1019 921 1082 lMaximo

234 1121 314 1182 patre
339 1101 498 1187 Augustum
524 1103 656 1171 facium,
677 1104 798 1162 necavit.
823 1103 922 1185 Euge·

233 1185 315 1244 nium
332 1204 448 1265 quoque
467 1204 617 1265 tytamtum
637 1203 721 1264 atque
731 1181 921 1267 Arbogastem

235 1262 403 1344 superavit,
427 1263 524 1325 deletis
547 1285 646 1325 eorum
670 1265 766 1326 decem
795 1265 922 1326 millibus

235 1363 436 1428 pugnatorum.
453 1343 511 1406 Hic
532 1349 636 1406 etenim
659 1346 803 1422 Eugenius
824 1345 920 1406 conli-

235 1425 281 1486 sus
307 1427 416 1486 viribus
443 1423 609 1508 Arbogastis
622 1473 638 1505 1,
668 1411 817 1508 poliquam
844 1427 921 1508 apud

235 1509 381 1568 Viennam
397 1507 433 1567 V
434 1507 637 1568 alentinianum
662 1505 849 1578 exstinxerat,
870 1528 919 1567 re·

236 1609 325 1671 gnum
350 1589 474 1660 invasit,
501 1585 549 1648 sed
575 1610 644 1649 mox
668 1589 752 1648 simul
770 1609 835 1648 cum
860 1588 922 1652 viti

234 1671 384 1749 imperium
404 1667 534 1751 perdidit.
552 1669 617 1730 Fuit
630 1689 724 1730 autem
738 1666 922 1732 Theodosius

235 1751 361 1810 moribus
375 1759 404 1812 δι
424 1769 541 1830 corpore
554 1749 681 1830 Trajano
694 1751 812 1822 similis,
826 1771 921 1832 quan·

235 1829 295 1892 tdtn
326 1829 429 1911 scripta
451 1841 576 1892 veterum
607 1839 635 1892 dc
662 1833 774 1912 pieiurae
803 1830 918 1893 docent.

235 1913 281 1973 Sic
303 1914 429 1974 eminens
453 1909 556 1984 stams,
577 1913 707 1972 membra
727 1912 847 1984 eadem,
869 1933 921 1994 pas

235 1990 380 2066 cesaries,
397 2015 430 2054 os
443 1991 549 2075 absque
566 2013 621 2066 eo,
640 1991 719 2076 qudd
732 1994 776 2054 illi
788 1995 922 2075 aliquan-

234 2094 296 2136 tum
321 2074 453 2137 vellendo
483 2073 587 2136 steriles
618 2095 721 2159 genae,
747 2095 837 2155 neque
859 2093 921 2138 tam

235 2158 363 2242 ingentes
387 2158 463 2218 oculi
483 2176 582 2228 erant,
603 2155 699 2218 nescio
724 2177 762 2216 an
787 2163 815 2215 δι
841 2173 924 2218 tanta

258 2243 347 2310 racia,
368 2237 516 2320 tantusque
536 2241 588 2298 flos
608 2241 638 2298 in
659 2236 754 2306 facie,
774 2233 821 2296 seu
841 2255 924 2299 tanta

236 2259 410 2400 §ignitas-in
429 2316 540 2380 incellu.
563 2319 647 2378 Mens
666 2315 736 2378 vero
755 2314 866 2398 prorsus
888 2322 926 2380 si-

207 2449 213 2466 .
235 2403 330 2472 milis,
350 2399 421 2460 adel)
436 2419 467 2460 ut
481 2397 554 2460 nihil
572 2399 628 2459 dici
642 2419 748 2480 queat,
765 2397 842 2478 quod
862 2421 924 2461 non

236 2501 269 2540 ex
288 2482 365 2540 libris
383 2483 412 2542 in
426 2480 508 2541 illum
529 2480 655 2540 videatur
674 2478 824 2540 transferri.
849 2479 924 2540 Cle-

236 2583 316 2622 mens
351 2565 485 2631 animns,
516 2560 700 2633 misericors,
734 2563 922 2634 communis,

236 2643 299 2704 solo
323 2639 422 2702 habitu
442 2639 552 2702 differre
575 2641 603 2702 se
623 2643 726 2702 caeteris
745 2661 868 2722 putans,
891 2643 923 2702 in

237 2746 336 2786 omnes
359 2720 490 2784 homines
513 2721 707 2794 honorificus,
731 2721 828 2782 vestim
849 2719 924 2782 effu-

237 2809 293 2868 sius
311 2809 340 2866 itt
357 2805 448 2866 bonos
463 2829 473 2876 3
490 2806 628 2885 simplicia
648 2805 763 2888 ingenia
782 2803 860 2884 aeque
876 2803 924 2863 di-

236 2889 344 2969 ligete,
362 2887 468 2949 erudita
489 2887 606 2956 mirari,
629 2882 677 2944 sed
699 2887 838 2954 innoxia3
863 2885 924 2944 lar-

222 2971 291 3052 ·giri
317 2989 423 3052 magno
452 2970 550 3030 animo
576 2987 682 3049 magna
695 2988 706 3038 5
727 2986 822 3028 amare
845 2967 922 3027 cives
