2134 3668
248 294 293 362 90
417 271 733 340 Eurnorir

245 389 377 470 injustum
397 391 434 452 ad
454 413 490 452 au
512 390 615 451 endum
637 388 736 448 liscum
758 407 845 470 agens
857 407 867 458 3
892 387 927 449 li·

246 469 347 532 beralis
372 474 402 532 in
432 413 568 544 centies,
600 471 710 553 publice
738 471 928 550 privatimque

174 565 176 569 '
246 549 339 614 ditans
360 574 459 613 omnes
479 562 505 614 &
527 551 680 612 honoribus
705 570 832 633 augens,
855 571 927 633 quos

245 633 291 694 vel
308 628 444 694 metliocri
459 631 649 694 familiaritate
665 628 861 714 cognovissem
880 649 928 691 ot·

246 713 312 774 bem
332 733 464 775 terrarum
483 707 647 786 aedilitans3
671 713 773 773 multas
790 715 929 772 immuni·

246 813 316 856 tates
334 792 493 856 civitatibus
512 791 643 859 tribuens,
649 817 659 866 3
683 791 756 854 nihil
774 815 834 868 non
849 813 928 853 tran·

163 946 165 950 ¹
247 877 367 958 quillum
382 886 409 937 &
426 875 568 957 placidum
587 896 696 960 agens3
718 871 791 934 adeo
804 895 835 934 ut
847 879 929 936 omni

248 963 306 1038 ejus
331 973 410 1018 aetate
431 979 500 1018 unus
519 957 637 1018 Senator
656 952 804 1016 damnatus
820 959 856 1016 sit
866 1001 877 1028 ,
897 971 929 1016 at
1007 962 1012 968 '

204 1064 206 1068 ·
246 1039 270 1100 is
287 1058 382 1100 tamen
397 1059 445 1120 per
456 1035 612 1108 Senatum,
630 1042 779 1120 ignorante
789 1035 926 1116 Trojano.
963 1101 967 1108 ,

247 1119 298 1180 Ob
320 1117 379 1180 haec
401 1141 449 1200 per
471 1120 569 1178 orbem
588 1139 721 1179 terrarum
742 1118 807 1198 Deo
827 1120 926 1198 proxi·

246 1221 310 1261 mus
321 1246 333 1270 ,
355 1198 427 1260 nihil
444 1223 503 1260 non
520 1203 705 1262 venerationis
722 1201 823 1259 meruit
842 1207 870 1260 &
887 1202 929 1260 vi·

246 1302 298 1342 vus
314 1290 341 1340 &
356 1301 490 1356 mortuus.

287 1361 327 1421 V.
356 1361 431 1422 Inter
458 1363 513 1422 alia
543 1361 619 1422 dista
644 1359 699 1420 hot
727 1363 813 1441 ipsius
842 1359 930 1420 fertur

247 1444 393 1525 egregium
410 1467 416 1500 :
432 1446 529 1503 amicis
544 1445 619 1504 enim
638 1444 831 1523 culpantibus,
848 1441 930 1524 quod

247 1525 333 1583 nimis
348 1525 430 1583 ,circa
453 1546 552 1584 omnes
573 1526 732 1584 communis
756 1519 843 1594 ellet,
865 1521 928 1583 tes·

248 1605 372 1685 pondit:
397 1605 491 1666 Talem
503 1605 535 1686 se
555 1606 746 1680 Imperatorem
765 1602 813 1678 effe
826 1606 931 1678 priva·

247 1687 309 1758 tis,
334 1689 426 1764 quales
450 1685 497 1760 effe
520 1687 576 1746 sibi
601 1685 781 1760 Imperatores
797 1687 929 1758 privatus

131 1774 134 1778 ’
175 1810 178 1816 .
247 1765 367 1840 opniffet.
398 1765 464 1826 Post
490 1769 635 1860 ingentem
663 1767 749 1850 igitur
779 1767 928 1850 gloriam,

248 1846 316 1906 belli
340 1848 474 1928 domique
504 1867 671 1928 quaesrtam,
696 1847 712 1906 ὲ
742 1847 854 1908 Perside
879 1869 927 1908 re·

249 1925 350 1998 diens,
376 1928 451 2008 apud
475 1927 630 1988 Seleuciam
651 1925 762 1988 Isauriae
789 1931 928 2009 profluuio

249 2010 352 2068 ventris
381 2009 516 2069 extinllus
537 2007 584 2068 est.
617 2009 701 2069 Obiit
724 2030 818 2069 aurem
841 2013 929 2072 aetatis

249 2111 325 2150 anno
341 2110 433 2150 ax111.
455 2087 550 2150 mense
571 2111 670 2162 nono,
689 2100 716 2150 &
736 2089 781 2150 die
800 2111 928 2174 quarto:

249 2171 362 2252 imperii
387 2195 462 2233 anno
482 2191 552 2232 xix.
572 2166 666 2231 mense
685 2167 783 2244 sexto,
804 2173 850 2234 die
874 2171 928 2232 de-

250 2255 454 2334 cimo-quinto.
475 2253 551 2313 Inter
570 2253 665 2313 Divos
685 2255 785 2313 relatus
806 2253 863 2326 est,
882 2251 931 2313 so·

250 2332 348 2414 lusque
365 2335 494 2393 omnium
512 2337 584 2393 intra
599 2335 696 2392 urbem
713 2331 844 2414 sepultus.
859 2331 930 2396 Ossa

250 2417 329 2492 ejus,
347 2414 485 2473 collocata
498 2415 528 2473 in
544 2411 600 2473 uni
613 2413 696 2474 aurel
708 2417 737 2476 in
751 2414 837 2488 foro,
850 2416 929 2496 quod

251 2491 422 2566 aedificavit,
440 2492 490 2553 lul>
512 2494 645 2554 columna
665 2498 718 2556 sira
741 2493 827 2569 lunt,
851 2502 929 2575 cujus

250 2574 371 2636 altitudo
396 2594 508 2636 centum
540 2585 567 2636 &
592 2575 779 2660 quadraginta
809 2597 930 2660 quatuor

251 2655 335 2736 pedes
355 2653 449 2717 habet.
473 2657 565 2735 Hujus
586 2656 695 2718 tantum
715 2661 859 2719 memotiae
879 2659 930 2720 de-

251 2737 341 2796 latum
367 2735 426 2810 est,
448 2737 585 2820 utusque
606 2738 642 2798 ad
667 2737 790 2800 nostram
816 2759 930 2801 aetatem

251 2840 310 2879 non
327 2818 406 2883 aliter
424 2821 454 2881 in
473 2819 577 2884 Senatu
596 2821 768 2902 principibus
786 2821 929 2884 acclame-
