2110 3666
284 323 635 379 urrunnu
728 333 794 399 3&

117 422 191 494 tior,
212 423 337 486 Nervam
367 427 505 508 compulit
531 427 631 488 referte
653 427 725 509 apud
745 444 798 510 'po-

117 504 214 583 pulum
240 510 344 648 pretias
372 509 541 583 militibus,
588 512 634 570 uia
658 508 797 570 nefandos

117 589 237 664 pessimo
252 610 306 671 que
328 593 458 650 omnium
479 532 644 655 mortalium
668 589 798 672 peremis-

117 662 186 726 sent.
207 668 265 729 Hic
287 671 444 750 Traianum
461 675 491 732 in
517 673 597 739 liberi
616 674 732 744 locum,
756 674 801 730 in«

118 767 172 827 que
200 770 307 829 partem
331 755 442 832 imperii
463 755 626 832 cooptavit,
651 775 714 812 cum
739 773 798 834 quo

117 829 204 890 tribus
224 832 292 890 vixit
308 833 458 893 mensibus.
475 833 534 910 Qui
549 831 616 893 dum
633 829 798 917 suggerente

119 907 181 978 ira,
205 933 276 970 voce
300 911 387 994 quirin
416 913 564 984 maxirni,
593 933 689 974 contra
712 935 799 995 quen-

120 987 187 1048 dam
202 991 343 1076 Regulum
360 997 476 1054 nomine
496 995 681 1067 inclamaret,
698 993 800 1054 sudore

119 1087 262 1152 correptus
290 1073 337 1135 est.
363 1075 432 1153 Quo
454 1074 518 1134 refri
540 1073 675 1147 escente,
703 1073 801 1136 horror

121 1156 248 1232 corporis
260 1158 372 1224 ¹nimius
392 1159 473 1216 iniria
494 1097 565 1216 febri
589 1156 728 1237 praebuit,
749 1177 801 1218 nec
828 1185 831 1192 ·
863 1151 867 1160 ’

122 1233 216 1295 multb
233 1235 295 1316 post
312 1241 401 1298 vitam
423 1235 536 1310 finivit,
555 1244 631 1298 an'no
652 1241 742 1298 artatis
758 1235 802 1298 se-

121 1318 268 1399 xagesimo
294 1321 386 1380 tertio.
414 1319 504 1398 Cujus
533 1340 631 1400 corpus
658 1317 674 1378 ὲ
698 1319 803 1380 Senatu
875 1327 877 1330 '

122 1415 153 1456 ut
176 1398 321 1478 quondam
341 1400 461 1482 Augusti
480 1398 589 1462 honore
610 1400 753 1471 delatum,
772 1401 802 1464 ln

122 1475 249 1559 sepulcro
267 1480 387 1564 Augusti
403 1480 541 1562 sepultum
560 1480 606 1541 est.
624 1481 803 1562 quue·die,
852 1539 854 1544 ,

123 1580 182 1642 quo
201 1564 328 1630 interiit,
347 1563 421 1622 Solis
439 1559 561 1621 defeeiio
582 1561 657 1625 facia
674 1560 722 1622 est.
741 1563 743 1567 ’
816 1605 834 1643 ⁸

134 1667 137 1672 ·
158 1641 247 1700 XIII.
268 1644 371 1721 Ulpius
388 1641 527 1720 Trajanus
546 1662 580 1700 ex
601 1642 668 1700 urbe
686 1639 802 1700 Tuder-

125 1719 210 1794 tina,
232 1722 335 1802 Ulpius
355 1722 392 1782 ab
413 1744 468 1789 avo
489 1721 602 1791 dinus,
628 1719 766 1801 Trajanus
787 1720 805 1781 ‘a

125 1799 216 1882 Trajo
232 1805 338 1882 paterni
356 1805 464 1886 generis
480 1805 616 1871 austore,
635 1803 681 1863 vel
696 1803 730 1864 de
749 1823 805 1863 no·
850 1807 858 1820 '

125 1885 203 1943 mine
222 1883 339 1964 Trajani
355 1887 440 1966 patris
461 1887 500 1944 sic
520 1884 693 1966 appellatus,
712 1887 804 1966 impe·

124 1967 198 2027 ravit
228 1967 309 2026 annis
339 1967 450 2062 viginti.
485 1963 539 2026 Iste
564 1966 650 2026 talem
673 1964 700 2026 se
731 1967 804 2048 Rel-

126 2047 244 2128 publicae
277 2047 419 2128 praeburt,
458 2049 570 2128 qualem
600 2049 647 2106 viu
677 2049 805 2130 aegrlque

128 2131 283 2209 exprimere
309 2128 455 2186 valuerunt
479 2126 655 2186 summorum
683 2125 804 2206 scripto-

128 2229 190 2269 rum
211 2207 340 2268 miranda
357 2211 385 2268 in
408 2209 479 2267 enia.
494 2207 551 2266 Hic
565 2209 712 2286 imperium
732 2207 807 2286 apud

128 2291 317 2374 Agrippinam
331 2289 389 2349 nob
427 2309 457 2346 m
472 2287 573 2350 Galliae
588 2288 730 2346 coloniam
748 2285 808 2348 sus-

129 2375 226 2452 cepit,
249 2369 354 2430 babens
371 2370 549 2454 diligentiam
568 2370 598 2427 in
620 2389 647 2428 re
668 2370 806 2440 militari,

130 2456 161 2512 iir
178 2453 305 2514 civilibus
324 2453 488 2524 lenitatem,
513 2455 543 2511 in
564 2448 741 2511 sublevandis
761 2453 805 2510 ci-

130 2536 264 2596 vitatibus
284 2535 473 2617 largitionem.
498 2531 632 2612 Cumque
655 2529 711 2592 duo
728 2535 807 2604 sint,

155 2637 195 2675 uae
211 2617 247 2674 ab
266 2636 281 2673 e
302 2617 385 2698 regiis
404 2614 573 2696 principibus
595 2611 807 2696 exspeelen'tur,

134 2637 265 2758 Iarbitas
281 2636 384 2768 Iomi,
405 2697 535 2755 inarmis
553 2694 712 2767 fortitudo,
731 2715 811 2755 utro·

135 2779 220 2862 bique
242 2777 385 2860 prudentia
407 2800 413 2835 ε
434 2795 526 2836 tantus
542 2795 600 2835 erat
617 2777 647 2834 in
668 2798 702 2835 eo
721 2777 810 2842 maxi·

134 2877 244 2922 marum
264 2867 356 2922 retum
374 2858 498 2932 modus,
522 2877 553 2919 ur
571 2859 651 2940 quasi
666 2871 814 2940 tempera-1
