<?xml version="1.0" encoding="UTF-8"?>
<!DOCTYPE html PUBLIC "-//W3C//DTD XHTML 1.0 Transitional//EN"
    "http://www.w3.org/TR/xhtml1/DTD/xhtml1-transitional.dtd">
<html xmlns="http://www.w3.org/1999/xhtml" xml:lang="en" lang="en">
 <head>
  <title>
</title>
<meta http-equiv="Content-Type" content="text/html;charset=utf-8" />
  <meta name='ocr-system' content='tesseract 3.04.00' />
  <meta name='ocr-capabilities' content='ocr_page ocr_carea ocr_par ocr_line ocrx_word'/>
</head>
<body>
  <div class='ocr_page' id='page_1' title='image "./eutropiisextaur00victgoog_0129.png"; bbox 0 0 2134 3668; ppageno 0'>
   <div class='ocr_carea' id='block_1_1' title="bbox 271 293 766 372">
    <p class='ocr_par' dir='ltr' id='par_1_1' title="bbox 271 293 766 372">
     <span class='ocr_line' id='line_1_1' title="bbox 271 293 766 372; baseline -0.004 -4"><span class='ocrx_word' id='word_1_1' title='bbox 271 321 339 372; x_wconf 88' lang='lat'>120</span> <span class='ocrx_word' id='word_1_2' title='bbox 448 293 766 369; x_wconf 76' lang='lat' dir='ltr'>E&#39;urnorrr</span> 
     </span>
    </p>
   </div>
   <div class='ocr_carea' id='block_1_2' title="bbox 216 417 979 2854">
    <p class='ocr_par' dir='ltr' id='par_1_2' title="bbox 266 417 953 560">
     <span class='ocr_line' id='line_1_2' title="bbox 266 417 953 560; baseline 0.003 -82"><span class='ocrx_word' id='word_1_3' title='bbox 266 422 358 560; x_wconf 86' lang='lat' dir='ltr'>prima</span> <span class='ocrx_word' id='word_1_4' title='bbox 381 419 557 491; x_wconf 87' lang='lat' dir='ltr'>litterarum,</span> <span class='ocrx_word' id='word_1_5' title='bbox 586 421 641 479; x_wconf 92' lang='lat' dir='ltr'>nisi</span> <span class='ocrx_word' id='word_1_6' title='bbox 661 417 824 502; x_wconf 69' lang='lat' dir='ltr'>grandaevus</span> <span class='ocrx_word' id='word_1_7' title='bbox 845 427 874 478; x_wconf 74' lang='grc' dir='ltr'>δε</span> <span class='ocrx_word' id='word_1_8' title='bbox 891 422 953 500; x_wconf 85' lang='lat' dir='ltr'>jam</span> 
     </span>
    </p>

    <p class='ocr_par' dir='ltr' id='par_1_3' title="bbox 282 503 610 580">
     <span class='ocr_line' id='line_1_3' title="bbox 282 503 610 580; baseline 0 -20"><span class='ocrx_word' id='word_1_9' title='bbox 282 521 312 560; x_wconf 83' lang='lat' dir='ltr'>tn</span> <span class='ocrx_word' id='word_1_10' title='bbox 333 520 444 571; x_wconf 88' lang='lat' dir='ltr'>erator,</span> <span class='ocrx_word' id='word_1_11' title='bbox 466 503 610 580; x_wconf 90' lang='lat' dir='ltr'>acceperit.</span> 
     </span>
    </p>

    <p class='ocr_par' dir='ltr' id='par_1_4' title="bbox 307 521 950 662">
     <span class='ocr_line' id='line_1_4' title="bbox 307 521 950 662; baseline 0 -22"><span class='ocrx_word' id='word_1_12' title='bbox 307 521 365 641; x_wconf 71' lang='lat' dir='ltr'>ill.</span> <span class='ocrx_word' id='word_1_13' title='bbox 388 579 478 641; x_wconf 72' lang='lat' dir='ltr'>Sedd</span> <span class='ocrx_word' id='word_1_14' title='bbox 502 579 697 652; x_wconf 85' lang='lat' dir='ltr'>Constantio,</span> <span class='ocrx_word' id='word_1_15' title='bbox 721 580 772 662; x_wconf 91' lang='lat' dir='ltr'>qui</span> <span class='ocrx_word' id='word_1_16' title='bbox 797 579 833 640; x_wconf 88' lang='lat' dir='ltr'>ad</span> <span class='ocrx_word' id='word_1_17' title='bbox 856 581 950 640; x_wconf 91' lang='lat' dir='ltr'>ultio-</span> 
     </span>
    </p>

    <p class='ocr_par' dir='ltr' id='par_1_5' title="bbox 267 661 951 724">
     <span class='ocr_line' id='line_1_5' title="bbox 267 661 951 724; baseline 0 -2"><span class='ocrx_word' id='word_1_18' title='bbox 267 682 334 722; x_wconf 80' lang='lat' dir='ltr'>nem</span> <span class='ocrx_word' id='word_1_19' title='bbox 349 661 475 722; x_wconf 71' lang='lat' dir='ltr'>fraterna</span> <span class='ocrx_word' id='word_1_20' title='bbox 491 665 567 723; x_wconf 91' lang='lat' dir='ltr'>necis</span> <span class='ocrx_word' id='word_1_21' title='bbox 582 663 688 722; x_wconf 89' lang='lat' dir='ltr'>bellurn</span> <span class='ocrx_word' id='word_1_22' title='bbox 704 661 799 724; x_wconf 87' lang='lat' dir='ltr'>Civile</span> <span class='ocrx_word' id='word_1_23' title='bbox 816 682 951 722; x_wconf 87' lang='lat' dir='ltr'>commo-</span> 
     </span>
    </p>

    <p class='ocr_par' dir='ltr' id='par_1_6' title="bbox 265 744 979 1069">
     <span class='ocr_line' id='line_1_6' title="bbox 266 744 949 826; baseline -0.001 -23"><span class='ocrx_word' id='word_1_24' title='bbox 266 762 367 815; x_wconf 80' lang='lat' dir='ltr'>verat,</span> <span class='ocrx_word' id='word_1_25' title='bbox 392 744 560 826; x_wconf 88' lang='lat' dir='ltr'>abrogatum</span> <span class='ocrx_word' id='word_1_26' title='bbox 587 744 627 802; x_wconf 87' lang='lat' dir='ltr'>est</span> <span class='ocrx_word' id='word_1_27' title='bbox 655 745 826 804; x_wconf 84' lang='lat' dir='ltr'>Vetranioni</span> <span class='ocrx_word' id='word_1_28' title='bbox 851 747 949 824; x_wconf 89' lang='lat' dir='ltr'>impe-</span> 
     </span>
     <span class='ocr_line' id='line_1_7' title="bbox 265 825 952 906; baseline 0.004 -23"><span class='ocrx_word' id='word_1_29' title='bbox 265 825 340 884; x_wconf 87' lang='lat' dir='ltr'>rium</span> <span class='ocrx_word' id='word_1_30' title='bbox 360 847 368 882; x_wconf 90' lang='lat'>:</span> <span class='ocrx_word' id='word_1_31' title='bbox 388 827 438 906; x_wconf 90' lang='lat' dir='ltr'>qui</span> <span class='ocrx_word' id='word_1_32' title='bbox 455 845 532 885; x_wconf 90' lang='lat' dir='ltr'>novo</span> <span class='ocrx_word' id='word_1_33' title='bbox 550 827 743 906; x_wconf 85' lang='lat' dir='ltr'>inusitatoque</span> <span class='ocrx_word' id='word_1_34' title='bbox 757 845 859 895; x_wconf 64' lang='lat' dir='ltr'>more,</span> <span class='ocrx_word' id='word_1_35' title='bbox 882 845 952 886; x_wconf 89' lang='lat' dir='ltr'>con-</span> 
     </span>
     <span class='ocr_line' id='line_1_8' title="bbox 265 903 951 988; baseline 0 -22"><span class='ocrx_word' id='word_1_36' title='bbox 265 903 348 967; x_wconf 81' lang='lat' dir='ltr'>sensu</span> <span class='ocrx_word' id='word_1_37' title='bbox 361 907 509 976; x_wconf 88' lang='lat' dir='ltr'>militum,</span> <span class='ocrx_word' id='word_1_38' title='bbox 531 906 669 986; x_wconf 83' lang='lat' dir='ltr'>deponere</span> <span class='ocrx_word' id='word_1_39' title='bbox 691 907 802 988; x_wconf 77' lang='lat' dir='ltr'>insigne</span> <span class='ocrx_word' id='word_1_40' title='bbox 818 907 951 985; x_wconf 88' lang='lat' dir='ltr'>compul-</span> 
     </span>
     <span class='ocr_line' id='line_1_9' title="bbox 265 984 979 1069; baseline -0.001 -22"><span class='ocrx_word' id='word_1_41' title='bbox 265 984 311 1047; x_wconf 88' lang='lat' dir='ltr'>sus</span> <span class='ocrx_word' id='word_1_42' title='bbox 341 985 388 1047; x_wconf 87' lang='lat' dir='ltr'>est.</span> <span class='ocrx_word' id='word_1_43' title='bbox 417 988 517 1047; x_wconf 80' lang='lat' dir='ltr'>Romae</span> <span class='ocrx_word' id='word_1_44' title='bbox 547 1008 661 1069; x_wconf 88' lang='lat' dir='ltr'>quoque</span> <span class='ocrx_word' id='word_1_45' title='bbox 690 988 826 1047; x_wconf 90' lang='lat' dir='ltr'>tumultus</span> <span class='ocrx_word' id='word_1_46' title='bbox 859 986 915 1046; x_wconf 87' lang='lat' dir='ltr'>fnit</span> <span class='ocrx_word' id='word_1_47' title='bbox 938 1034 950 1060; x_wconf 89' lang='lat'>‚</span> <span class='ocrx_word' id='word_1_48' title='bbox 977 1027 979 1030; x_wconf 93' lang='lat'>-</span> 
     </span>
    </p>

    <p class='ocr_par' dir='ltr' id='par_1_7' title="bbox 266 1066 950 1148">
     <span class='ocr_line' id='line_1_10' title="bbox 266 1066 950 1148; baseline -0.001 -20"><span class='ocrx_word' id='word_1_49' title='bbox 266 1068 453 1148; x_wconf 87' lang='lat' dir='ltr'>Nepotiano,</span> <span class='ocrx_word' id='word_1_50' title='bbox 473 1067 655 1130; x_wconf 87' lang='lat' dir='ltr'>Constantini</span> <span class='ocrx_word' id='word_1_51' title='bbox 677 1067 776 1128; x_wconf 88' lang='lat' dir='ltr'>sororis</span> <span class='ocrx_word' id='word_1_52' title='bbox 799 1066 881 1138; x_wconf 85' lang='lat' dir='ltr'>filio,</span> <span class='ocrx_word' id='word_1_53' title='bbox 900 1089 950 1148; x_wconf 89' lang='lat' dir='ltr'>per</span> 
     </span>
    </p>

    <p class='ocr_par' dir='ltr' id='par_1_8' title="bbox 265 1148 948 1233">
     <span class='ocr_line' id='line_1_11' title="bbox 265 1148 948 1233; baseline -0.004 -23"><span class='ocrx_word' id='word_1_54' title='bbox 265 1150 465 1233; x_wconf 67' lang='lat' dir='ltr'>gladiatoriam</span> <span class='ocrx_word' id='word_1_55' title='bbox 480 1171 596 1210; x_wconf 88' lang='lat' dir='ltr'>manum</span> <span class='ocrx_word' id='word_1_56' title='bbox 610 1152 758 1229; x_wconf 89' lang='lat' dir='ltr'>imperium</span> <span class='ocrx_word' id='word_1_57' title='bbox 772 1148 923 1209; x_wconf 85' lang='lat' dir='ltr'>invadente</span> <span class='ocrx_word' id='word_1_58' title='bbox 939 1173 948 1207; x_wconf 82' lang='lat' dir='ltr'>t</span> 
     </span>
    </p>

    <p class='ocr_par' dir='ltr' id='par_1_9' title="bbox 266 1229 949 1314">
     <span class='ocr_line' id='line_1_12' title="bbox 266 1229 949 1314; baseline 0.004 -25"><span class='ocrx_word' id='word_1_59' title='bbox 266 1233 316 1311; x_wconf 84' lang='lat' dir='ltr'>qui</span> <span class='ocrx_word' id='word_1_60' title='bbox 333 1229 411 1292; x_wconf 82' lang='lat' dir='ltr'>saevis</span> <span class='ocrx_word' id='word_1_61' title='bbox 431 1232 553 1291; x_wconf 77' lang='lat' dir='ltr'>exordiis</span> <span class='ocrx_word' id='word_1_62' title='bbox 574 1231 694 1314; x_wconf 90' lang='lat' dir='ltr'>dignum</span> <span class='ocrx_word' id='word_1_63' title='bbox 719 1233 825 1290; x_wconf 81' lang='lat' dir='ltr'>exitum</span> <span class='ocrx_word' id='word_1_64' title='bbox 851 1234 949 1292; x_wconf 76' lang='lat' dir='ltr'>nauus</span> 
     </span>
    </p>

    <p class='ocr_par' dir='ltr' id='par_1_10' title="bbox 266 1309 951 1394">
     <span class='ocr_line' id='line_1_13' title="bbox 266 1309 951 1394; baseline 0.004 -25"><span class='ocrx_word' id='word_1_65' title='bbox 266 1309 306 1369; x_wconf 86' lang='lat' dir='ltr'>est</span> <span class='ocrx_word' id='word_1_66' title='bbox 330 1314 495 1394; x_wconf 85' lang='lat' dir='ltr'>:vigesimo</span> <span class='ocrx_word' id='word_1_67' title='bbox 527 1315 602 1372; x_wconf 88' lang='lat' dir='ltr'>enim</span> <span class='ocrx_word' id='word_1_68' title='bbox 625 1331 709 1393; x_wconf 84' lang='lat' dir='ltr'>atque</span> <span class='ocrx_word' id='word_1_69' title='bbox 732 1316 836 1372; x_wconf 70' lang='lat' dir='ltr'>osiavo</span> <span class='ocrx_word' id='word_1_70' title='bbox 863 1311 951 1372; x_wconf 66' lang='lat' dir='ltr'>died</span> 
     </span>
    </p>

    <p class='ocr_par' dir='ltr' id='par_1_11' title="bbox 216 1389 952 1698">
     <span class='ocr_line' id='line_1_14' title="bbox 216 1389 952 1486; baseline 0.004 -35"><span class='ocrx_word' id='word_1_71' title='bbox 216 1415 219 1418; x_wconf 93' lang='lat'>·</span> <span class='ocrx_word' id='word_1_72' title='bbox 265 1391 480 1486; x_wconf 87' lang='lat' dir='ltr'>Magnentianis</span> <span class='ocrx_word' id='word_1_73' title='bbox 509 1393 626 1454; x_wconf 88' lang='lat' dir='ltr'>ducibus</span> <span class='ocrx_word' id='word_1_74' title='bbox 652 1389 819 1474; x_wconf 83' lang='lat' dir='ltr'>oppressus,</span> <span class='ocrx_word' id='word_1_75' title='bbox 852 1414 952 1473; x_wconf 87' lang='lat' dir='ltr'>poenas</span> 
     </span>
     <span class='ocr_line' id='line_1_15' title="bbox 267 1471 951 1556; baseline 0.001 -24"><span class='ocrx_word' id='word_1_76' title='bbox 267 1471 369 1532; x_wconf 84' lang='lat' dir='ltr'>dedit:</span> <span class='ocrx_word' id='word_1_77' title='bbox 391 1493 528 1556; x_wconf 82' lang='lat' dir='ltr'>caputque</span> <span class='ocrx_word' id='word_1_78' title='bbox 542 1480 599 1554; x_wconf 91' lang='lat' dir='ltr'>ejus</span> <span class='ocrx_word' id='word_1_79' title='bbox 619 1475 678 1553; x_wconf 93' lang='lat' dir='ltr'>pilo</span> <span class='ocrx_word' id='word_1_80' title='bbox 697 1494 745 1553; x_wconf 85' lang='lat' dir='ltr'>per</span> <span class='ocrx_word' id='word_1_81' title='bbox 763 1474 873 1535; x_wconf 87' lang='lat' dir='ltr'>Urbem</span> <span class='ocrx_word' id='word_1_82' title='bbox 895 1477 951 1533; x_wconf 90' lang='lat' dir='ltr'>cir-</span> 
     </span>
     <span class='ocr_line' id='line_1_16' title="bbox 267 1553 950 1640; baseline 0.003 -27"><span class='ocrx_word' id='word_1_83' title='bbox 267 1556 421 1615; x_wconf 82' lang='lat' dir='ltr'>cumlatum</span> <span class='ocrx_word' id='word_1_84' title='bbox 448 1553 515 1615; x_wconf 82' lang='lat' dir='ltr'>est:</span> <span class='ocrx_word' id='word_1_85' title='bbox 541 1557 712 1640; x_wconf 71' lang='lat' dir='ltr'>gravissimae</span> <span class='ocrx_word' id='word_1_86' title='bbox 733 1553 950 1636; x_wconf 85' lang='lat' dir='ltr'>proscriptiones</span> 
     </span>
     <span class='ocr_line' id='line_1_17' title="bbox 268 1635 695 1698; baseline -0.002 -1"><span class='ocrx_word' id='word_1_87' title='bbox 268 1644 295 1697; x_wconf 74' lang='grc' dir='ltr'>δι</span> <span class='ocrx_word' id='word_1_88' title='bbox 312 1636 452 1697; x_wconf 84' lang='lat' dir='ltr'>nobilium</span> <span class='ocrx_word' id='word_1_89' title='bbox 470 1637 555 1698; x_wconf 83' lang='lat' dir='ltr'>tardes</span> <span class='ocrx_word' id='word_1_90' title='bbox 575 1635 695 1697; x_wconf 85' lang='lat' dir='ltr'>fuerunt.</span> 
     </span>
    </p>

    <p class='ocr_par' dir='ltr' id='par_1_12' title="bbox 248 1715 953 2750">
     <span class='ocr_line' id='line_1_18' title="bbox 248 1715 950 1800; baseline 0.001 -23"><span class='ocrx_word' id='word_1_91' title='bbox 248 1755 250 1760; x_wconf 33' lang='grc' dir='ltr'><em>ι</em></span> <span class='ocrx_word' id='word_1_92' title='bbox 307 1717 386 1778; x_wconf 87' lang='lat' dir='ltr'>XII.</span> <span class='ocrx_word' id='word_1_93' title='bbox 408 1719 477 1780; x_wconf 91' lang='lat' dir='ltr'>Non</span> <span class='ocrx_word' id='word_1_94' title='bbox 496 1715 586 1778; x_wconf 80' lang='lat' dir='ltr'>multd</span> <span class='ocrx_word' id='word_1_95' title='bbox 601 1716 664 1798; x_wconf 89' lang='lat' dir='ltr'>post</span> <span class='ocrx_word' id='word_1_96' title='bbox 676 1717 860 1800; x_wconf 84' lang='lat' dir='ltr'>Magnentius</span> <span class='ocrx_word' id='word_1_97' title='bbox 873 1717 950 1798; x_wconf 86' lang='lat' dir='ltr'>apud</span> 
     </span>
     <span class='ocr_line' id='line_1_19' title="bbox 267 1796 951 1883; baseline 0.001 -25"><span class='ocrx_word' id='word_1_98' title='bbox 267 1799 407 1859; x_wconf 87' lang='lat' dir='ltr'>Mursiam</span> <span class='ocrx_word' id='word_1_99' title='bbox 425 1802 587 1883; x_wconf 85' lang='lat' dir='ltr'>profligatus</span> <span class='ocrx_word' id='word_1_100' title='bbox 604 1802 663 1860; x_wconf 89' lang='lat' dir='ltr'>acie</span> <span class='ocrx_word' id='word_1_101' title='bbox 683 1796 745 1869; x_wconf 89' lang='lat' dir='ltr'>est,</span> <span class='ocrx_word' id='word_1_102' title='bbox 767 1821 801 1859; x_wconf 90' lang='lat' dir='ltr'>ac</span> <span class='ocrx_word' id='word_1_103' title='bbox 818 1800 889 1878; x_wconf 69' lang='lat' dir='ltr'>pene</span> <span class='ocrx_word' id='word_1_104' title='bbox 905 1821 951 1860; x_wconf 89' lang='lat' dir='ltr'>ca-</span> 
     </span>
     <span class='ocr_line' id='line_1_20' title="bbox 267 1879 951 1962; baseline 0.001 -23"><span class='ocrx_word' id='word_1_105' title='bbox 267 1897 330 1958; x_wconf 88' lang='lat' dir='ltr'>ptus</span> <span class='ocrx_word' id='word_1_106' title='bbox 352 1903 359 1936; x_wconf 90' lang='lat'><strong>:</strong></span> <span class='ocrx_word' id='word_1_107' title='bbox 382 1883 509 1962; x_wconf 88' lang='lat' dir='ltr'>ingentes</span> <span class='ocrx_word' id='word_1_108' title='bbox 531 1880 657 1940; x_wconf 88' lang='lat' dir='ltr'>Romani</span> <span class='ocrx_word' id='word_1_109' title='bbox 683 1882 795 1961; x_wconf 86' lang='lat' dir='ltr'>imperii</span> <span class='ocrx_word' id='word_1_110' title='bbox 820 1881 892 1940; x_wconf 85' lang='lat' dir='ltr'>vires</span> <span class='ocrx_word' id='word_1_111' title='bbox 916 1879 951 1940; x_wconf 75' lang='lat' dir='ltr'>eti</span> 
     </span>
     <span class='ocr_line' id='line_1_21' title="bbox 266 1959 952 2042; baseline 0.006 -24"><span class='ocrx_word' id='word_1_112' title='bbox 266 1959 450 2020; x_wconf 86' lang='lat' dir='ltr'>dimicatione</span> <span class='ocrx_word' id='word_1_113' title='bbox 469 1959 640 2041; x_wconf 77' lang='lat' dir='ltr'>consumptae</span> <span class='ocrx_word' id='word_1_114' title='bbox 658 1959 744 2032; x_wconf 85' lang='lat' dir='ltr'>sunt,</span> <span class='ocrx_word' id='word_1_115' title='bbox 763 1962 800 2021; x_wconf 86' lang='lat' dir='ltr'>ad</span> <span class='ocrx_word' id='word_1_116' title='bbox 817 1961 952 2042; x_wconf 84' lang='lat' dir='ltr'>quaelibet</span> 
     </span>
     <span class='ocr_line' id='line_1_22' title="bbox 266 2039 952 2123; baseline 0.007 -25"><span class='ocrx_word' id='word_1_117' title='bbox 266 2039 340 2100; x_wconf 84' lang='lat' dir='ltr'>bella</span> <span class='ocrx_word' id='word_1_118' title='bbox 357 2059 468 2102; x_wconf 84' lang='lat' dir='ltr'>externa</span> <span class='ocrx_word' id='word_1_119' title='bbox 484 2043 614 2114; x_wconf 83' lang='lat' dir='ltr'>idoneae,</span> <span class='ocrx_word' id='word_1_120' title='bbox 633 2063 694 2123; x_wconf 84' lang='lat' dir='ltr'>quae</span> <span class='ocrx_word' id='word_1_121' title='bbox 712 2043 832 2102; x_wconf 89' lang='lat' dir='ltr'>multum</span> <span class='ocrx_word' id='word_1_122' title='bbox 848 2045 952 2103; x_wconf 88' lang='lat' dir='ltr'>trium-</span> 
     </span>
     <span class='ocr_line' id='line_1_23' title="bbox 266 2119 949 2204; baseline 0.007 -25"><span class='ocrx_word' id='word_1_123' title='bbox 266 2119 388 2202; x_wconf 86' lang='lat' dir='ltr'>phorum</span> <span class='ocrx_word' id='word_1_124' title='bbox 422 2121 530 2204; x_wconf 78' lang='lat' dir='ltr'>possent</span> <span class='ocrx_word' id='word_1_125' title='bbox 567 2121 776 2202; x_wconf 87' lang='lat' dir='ltr'>securitatisque</span> <span class='ocrx_word' id='word_1_126' title='bbox 812 2123 949 2185; x_wconf 84' lang='lat' dir='ltr'>conferre.</span> 
     </span>
     <span class='ocr_line' id='line_1_24' title="bbox 266 2202 948 2266; baseline 0.006 -4"><span class='ocrx_word' id='word_1_127' title='bbox 266 2202 379 2266; x_wconf 88' lang='lat' dir='ltr'>Orienti</span> <span class='ocrx_word' id='word_1_128' title='bbox 404 2225 471 2264; x_wconf 86' lang='lat' dir='ltr'>mox</span> <span class='ocrx_word' id='word_1_129' title='bbox 492 2203 509 2266; x_wconf 64' lang='lat' dir='ltr'>a</span> <span class='ocrx_word' id='word_1_130' title='bbox 529 2203 700 2266; x_wconf 81' lang='lat' dir='ltr'>Constantio</span> <span class='ocrx_word' id='word_1_131' title='bbox 714 2203 811 2265; x_wconf 81' lang='lat' dir='ltr'>Cacsar</span> <span class='ocrx_word' id='word_1_132' title='bbox 830 2202 869 2263; x_wconf 91' lang='lat' dir='ltr'>est</span> <span class='ocrx_word' id='word_1_133' title='bbox 891 2205 948 2266; x_wconf 86' lang='lat' dir='ltr'>da-</span> 
     </span>
     <span class='ocr_line' id='line_1_25' title="bbox 266 2285 951 2368; baseline 0.003 -24"><span class='ocrx_word' id='word_1_134' title='bbox 266 2301 332 2355; x_wconf 85' lang='lat' dir='ltr'>tus,</span> <span class='ocrx_word' id='word_1_135' title='bbox 350 2289 440 2364; x_wconf 83' lang='lat' dir='ltr'>patrui</span> <span class='ocrx_word' id='word_1_136' title='bbox 458 2285 531 2347; x_wconf 88' lang='lat' dir='ltr'>silius</span> <span class='ocrx_word' id='word_1_137' title='bbox 549 2285 648 2346; x_wconf 84' lang='lat' dir='ltr'>Gallus</span> <span class='ocrx_word' id='word_1_138' title='bbox 663 2309 670 2342; x_wconf 76' lang='grc' dir='ltr'><strong><em>ε</em></strong></span> <span class='ocrx_word' id='word_1_139' title='bbox 684 2285 951 2368; x_wconf 84' lang='lat' dir='ltr'>Magnentiusque,</span> 
     </span>
     <span class='ocr_line' id='line_1_26' title="bbox 265 2363 950 2448; baseline 0.006 -25"><span class='ocrx_word' id='word_1_140' title='bbox 265 2363 381 2426; x_wconf 86' lang='lat' dir='ltr'>diversis</span> <span class='ocrx_word' id='word_1_141' title='bbox 401 2367 624 2446; x_wconf 66' lang='lat' dir='ltr'>precursurus,</span> <span class='ocrx_word' id='word_1_142' title='bbox 645 2368 705 2426; x_wconf 88' lang='lat' dir='ltr'>vim</span> <span class='ocrx_word' id='word_1_143' title='bbox 718 2369 783 2427; x_wconf 81' lang='lat' dir='ltr'>vitae</span> <span class='ocrx_word' id='word_1_144' title='bbox 799 2365 853 2426; x_wconf 84' lang='lat' dir='ltr'>suat</span> <span class='ocrx_word' id='word_1_145' title='bbox 873 2367 950 2448; x_wconf 88' lang='lat' dir='ltr'>apud</span> 
     </span>
     <span class='ocr_line' id='line_1_27' title="bbox 266 2445 953 2528; baseline 0.006 -24"><span class='ocrx_word' id='word_1_146' title='bbox 266 2445 438 2528; x_wconf 82' lang='lat' dir='ltr'>Lugdunum</span> <span class='ocrx_word' id='word_1_147' title='bbox 462 2448 577 2518; x_wconf 85' lang='lat' dir='ltr'>attulit,</span> <span class='ocrx_word' id='word_1_148' title='bbox 598 2449 710 2528; x_wconf 83' lang='lat' dir='ltr'>imperii</span> <span class='ocrx_word' id='word_1_149' title='bbox 735 2469 811 2508; x_wconf 88' lang='lat' dir='ltr'>anno</span> <span class='ocrx_word' id='word_1_150' title='bbox 838 2450 923 2508; x_wconf 90' lang='lat' dir='ltr'>tertio</span> <span class='ocrx_word' id='word_1_151' title='bbox 940 2497 953 2522; x_wconf 90' lang='lat'>,</span> 
     </span>
     <span class='ocr_line' id='line_1_28' title="bbox 265 2526 952 2610; baseline 0.009 -26"><span class='ocrx_word' id='word_1_152' title='bbox 265 2526 361 2586; x_wconf 86' lang='lat' dir='ltr'>mense</span> <span class='ocrx_word' id='word_1_153' title='bbox 381 2527 501 2606; x_wconf 89' lang='lat' dir='ltr'>septimo</span> <span class='ocrx_word' id='word_1_154' title='bbox 520 2551 527 2584; x_wconf 79' lang='lat' dir='ltr'>t</span> <span class='ocrx_word' id='word_1_155' title='bbox 547 2527 630 2587; x_wconf 83' lang='lat' dir='ltr'>frater</span> <span class='ocrx_word' id='word_1_156' title='bbox 648 2550 763 2610; x_wconf 88' lang='lat' dir='ltr'>quoque</span> <span class='ocrx_word' id='word_1_157' title='bbox 781 2535 838 2608; x_wconf 86' lang='lat' dir='ltr'>ejus</span> <span class='ocrx_word' id='word_1_158' title='bbox 855 2531 952 2610; x_wconf 72' lang='lat' dir='ltr'>Seno7</span> 
     </span>
     <span class='ocr_line' id='line_1_29' title="bbox 265 2608 950 2689; baseline 0.007 -23"><span class='ocrx_word' id='word_1_159' title='bbox 265 2610 326 2676; x_wconf 87' lang='lat' dir='ltr'>nis,</span> <span class='ocrx_word' id='word_1_160' title='bbox 352 2623 437 2689; x_wconf 86' lang='lat' dir='ltr'>quem</span> <span class='ocrx_word' id='word_1_161' title='bbox 465 2608 502 2670; x_wconf 90' lang='lat' dir='ltr'>ad</span> <span class='ocrx_word' id='word_1_162' title='bbox 529 2610 645 2671; x_wconf 85' lang='lat' dir='ltr'>tuendas</span> <span class='ocrx_word' id='word_1_163' title='bbox 670 2609 784 2672; x_wconf 78' lang='lat' dir='ltr'>Gallias</span> <span class='ocrx_word' id='word_1_164' title='bbox 805 2609 950 2672; x_wconf 83' lang='lat' dir='ltr'>Caesarem</span> 
     </span>
     <span class='ocr_line' id='line_1_30' title="bbox 265 2685 388 2750; baseline 0.024 -3"><span class='ocrx_word' id='word_1_165' title='bbox 265 2685 388 2750; x_wconf 83' lang='lat' dir='ltr'>miserat.</span> 
     </span>
    </p>

    <p class='ocr_par' dir='ltr' id='par_1_13' title="bbox 307 2769 953 2854">
     <span class='ocr_line' id='line_1_31' title="bbox 307 2769 953 2854; baseline 0.009 -26"><span class='ocrx_word' id='word_1_166' title='bbox 307 2769 404 2833; x_wconf 90' lang='lat' dir='ltr'>XIII.</span> <span class='ocrx_word' id='word_1_167' title='bbox 426 2771 478 2832; x_wconf 92' lang='lat' dir='ltr'>Per</span> <span class='ocrx_word' id='word_1_168' title='bbox 492 2770 551 2832; x_wconf 83' lang='lat' dir='ltr'>liaec</span> <span class='ocrx_word' id='word_1_169' title='bbox 570 2791 697 2854; x_wconf 89' lang='lat' dir='ltr'>tempora</span> <span class='ocrx_word' id='word_1_170' title='bbox 716 2772 836 2835; x_wconf 66' lang='lat' dir='ltr'>etiami</span> <span class='ocrx_word' id='word_1_171' title='bbox 853 2773 953 2835; x_wconf 89' lang='lat' dir='ltr'>Cons-</span> 
     </span>
    </p>
   </div>
   <div class='ocr_carea' id='block_1_3' title="bbox 266 2853 954 2996">
    <p class='ocr_par' dir='ltr' id='par_1_14' title="bbox 266 2853 954 2996">
     <span class='ocr_line' id='line_1_32' title="bbox 266 2853 953 2996; baseline 0.006 -86"><span class='ocrx_word' id='word_1_172' title='bbox 266 2853 382 2926; x_wconf 81' lang='lat' dir='ltr'>tantio,</span> <span class='ocrx_word' id='word_1_173' title='bbox 408 2855 502 2915; x_wconf 88' lang='lat' dir='ltr'>multis</span> <span class='ocrx_word' id='word_1_174' title='bbox 529 2857 689 2918; x_wconf 75' lang='lat' dir='ltr'>incisilibus</span> <span class='ocrx_word' id='word_1_175' title='bbox 717 2855 824 2940; x_wconf 85' lang='lat' dir='ltr'>gestis,</span> <span class='ocrx_word' id='word_1_176' title='bbox 850 2856 953 2996; x_wconf 57' lang='lat' dir='ltr'>{elisus</span> 
     </span>
     <span class='ocr_line' id='line_1_33' title="bbox 886 2957 954 2995; baseline 0.015 -1"><span class='ocrx_word' id='word_1_177' title='bbox 886 2959 907 2994; x_wconf 77' lang='lat' dir='ltr'>a</span> <span class='ocrx_word' id='word_1_178' title='bbox 923 2957 954 2995; x_wconf 80' lang='lat' dir='ltr'>ar</span> 
     </span>
    </p>
   </div>
   <div class='ocr_carea' id='block_1_4' title="bbox 0 0 1072 3668">
    <p class='ocr_par' dir='ltr' id='par_1_15' title="bbox 0 0 1072 3668">
     <span class='ocr_line' id='line_1_34' title="bbox 0 0 1072 3668; baseline 0 0"><span class='ocrx_word' id='word_1_179' title='bbox 0 0 1072 3668; x_wconf 95' lang='lat' dir='ltr'> </span> 
     </span>
    </p>
   </div>
  </div>
 </body>
</html>
