2110 3666
258 323 326 408 336
373 301 850 384 AunVrcrours'

255 437 304 498 set.
324 435 416 515 Hujus
435 454 524 494 morte
546 431 681 516 cogniti,
701 433 840 492 Vetranio
864 451 931 492 ma-

277 517 338 578 ister
351 518 473 576 militum
488 515 640 594 Imperium
655 517 684 573 in
697 510 845 572 Pannonii
858 512 934 592 apud

252 539 395 658 {iursiam
411 599 561 675 corripuit,
576 617 660 675 quem
678 592 861 654 Constantius
875 615 934 652 non

253 678 317 760 post
341 678 445 738 multos
470 677 528 736 dies
552 697 640 758 regno
658 677 756 746 exuit,
778 673 934 756 grandaevae

255 761 330 820 :crati
351 781 410 818 non
427 760 514 817 vitam
533 755 642 826 modu,
665 753 815 815 sedetiam
832 755 935 834 volup·

255 843 356 901 tarium
369 841 459 898 otium
476 839 638 898 concedens.
653 837 718 895 Ftrit
734 855 828 896 autem
847 855 935 916 prope

254 921 292 982 ad
309 919 455 980 stultitiam
473 919 700 998 simplicissimus.

297 1000 389 1062 XLII.
411 999 594 1063 Continuus
617 999 733 1058 Gallum
754 997 867 1058 fratrem
881 1017 934 1076 pa-

256 1085 372 1143 truelem
400 1079 542 1144 Caesarem
575 1081 769 1160 pronunciat,
807 1076 935 1138 sororem

256 1164 474 1225 Constantinam
504 1163 546 1220 illi
574 1165 755 1243 conjungens.
782 1161 932 1252 Magnen-

256 1247 311 1304 tius
344 1266 456 1325 quoque
490 1244 659 1302 Decentium
693 1237 936 1322 consanguineum

256 1325 337 1385 suum
364 1343 440 1383 trans
465 1324 551 1402 Alpes
576 1320 718 1382 Caesarem
740 1323 853 1380 creavit
880 1321 937 1381 His

256 1407 354 1466 diebus
372 1405 471 1464 Romae
493 1403 669 1481 Nepotianus
690 1403 832 1481 Eutropia
851 1400 937 1462 Con-

257 1486 370 1546 stantini
395 1484 497 1545 sororis
520 1483 612 1555 filius,
638 1481 813 1542 hortantibus
836 1483 934 1562 perdi-

257 1571 319 1638 tis,
340 1565 460 1649 Augusti
480 1587 585 1626 nomen
617 1566 689 1643 rapit
709 1586 718 1634 ;
743 1585 807 1622 eum
833 1561 936 1622 octavo

258 1649 303 1708 die
338 1649 528 1729 vicesimoque
568 1645 752 1728 Magnentius
790 1649 936 1724 oppressit.

257 1731 323 1792 Hoc
350 1749 473 1808 tempore
495 1725 676 1788 Constantius
697 1747 760 1784 cum
784 1727 936 1808 Magnen-

258 1813 299 1870 tio
320 1809 393 1889 apud
411 1811 550 1868 Mursiam
569 1807 706 1868 dimicans
724 1810 799 1867 vicit.
821 1806 854 1865 In
877 1828 938 1886 quo

257 1891 334 1950 bello
367 1891 437 1969 pene
467 1887 606 1970 nusquam
644 1889 762 1968 amplius
797 1887 937 1948 Romanae

258 1969 428 2050 consumpta
454 1968 517 2028 sunt
538 1973 634 2038 vires,
658 1967 799 2048 totiusque
821 1969 939 2046 imperii

257 2053 371 2114 fortuna
391 2045 570 2131 pessumdata.
584 2047 706 2124 ,Dehinc
729 2049 791 2108 crim
815 2047 842 2108 se
863 2050 937 2108 Ma-

258 2136 388 2220 gnentius
410 2135 439 2190 in
459 2131 571 2190 Italiam
595 2127 756 2210 recepiffet,
781 2131 856 2209 apud
877 2129 938 2190 Ti·

258 2219 354 2274 cinum
375 2214 464 2291 plures
485 2211 579 2282 fudit3
601 2211 760 2281 incautius,
784 2213 831 2280 Bt,
856 2231 886 2270 ut
909 2215 939 2270 in

258 2293 375 2356 victoria
392 2292 483 2363 solet,
504 2291 634 2352 audacius
653 2289 854 2373 persequentes.
876 2293 939 2352 Nec

258 2373 351 2438 multo
381 2372 441 2454 post
464 2374 544 2454 apud
566 2373 737 2456 Lugdunum
766 2371 938 2455 coangusta-

259 2478 303 2517 tus
316 2455 441 2538 ‚gladio
461 2454 570 2514 occulte
592 2453 726 2534 proviso,
748 2452 834 2512 ibium
858 2454 942 2534 pulsu

260 2539 371 2618 parietis
394 2539 515 2613 juvans,
537 2532 682 2594 transfosso
706 2537 811 2605 latere,
833 2555 864 2596 ut
881 2557 941 2595 erat

260 2617 331 2679 vasti
351 2619 497 2696 corporis,
521 2616 634 2675 vulnere
657 2613 825 2695 naribusque
844 2625 872 2677 &
891 2637 941 2675 ote

261 2719 388 2762 cruorem
415 2695 579 2767 effundens,
602 2694 697 2756 mense
722 2698 835 2776 imperii
863 2719 938 2777 qua-

261 2780 422 2863 dragesimo
448 2776 599 2846 secundo,
633 2781 721 2838 aetatis
752 2799 828 2836 atino
855 2798 940 2858 prope

261 2863 518 2946 quinquagesimo,
541 2856 699 2938 exspiravit.
729 2857 815 2918 Oxtus
837 2878 941 2938 paten-

868 2941 940 2998 tibus
