2110 3666
306 324 656 399 arrrom'r.
748 349 812 418 293

136 446 214 510 Nam
236 457 263 510 &
284 458 398 530 poetam
418 448 579 520 Ovidium,
602 451 651 530 qui
669 456 696 508 δι
709 446 817 522 Naso,

134 553 185 613 pro
205 553 265 601 eo,
287 529 365 611 quod
389 551 443 590 tres
465 531 577 590 libellos
600 531 745 590 amatoriae
767 551 816 589 ar-

135 615 170 672 tis·
184 610 366 691 conscripsir3
385 613 484 671 exsilio
504 611 658 671 damnavit.
673 610 818 691 Quodque

136 691 175 752 est
192 695 249 752 lati
271 693 386 764 animi,
409 694 455 753 vel
475 695 603 764 amoeni,
624 693 818 752 oblectabatur

127 777 218 834 omni
238 794 339 856 genere
357 770 598 853 spectaculorum,
616 773 757 853 -praecipue
776 772 818 831 fc·

127 874 230 914 ¹raruru
248 855 394 937 incogniti
409 853 499 936 specie
518 863 545 914 &
560 851 673 913 infinito
688 875 816 915 numero.

134 935 236 996 Annos
265 934 371 1015 septem
398 945 424 996 δι
455 934 631 1018 septuaginta
658 932 789 1018 nigrellus
804 981 817 1006 ,

134 1016 220 1076 Nolae
239 1017 342 1076 morbo
356 1018 467 1076 interiit.
483 1017 668 1097 Quamquam
688 1015 736 1074 alii
750 1013 818 1076 scri-

135 1097 206 1158 bant
231 1097 299 1157 dolo
320 1099 408 1157 Liviae
432 1097 623 1167 exstineium,
645 1099 817 1168 metuentis,

130 1199 193 1248 ne,
209 1181 275 1260 quia
289 1181 423 1262 privignae
437 1177 527 1248 filium
540 1179 717 1262 Agrippam,
731 1199 818 1260 quem

130 1259 208 1318 ¹odio
237 1261 379 1320 novercali
409 1262 439 1320 in
467 1259 588 1320 insulam
616 1261 818 1342 relegaverat,

138 1338 232 1400 reduci
247 1361 437 1422 compererat,
455 1363 490 1400 eo
506 1339 631 1401 summas
645 1361 735 1400 rerum
750 1341 820 1402 ade-

135 1422 207 1503 pto,
227 1444 323 1502 poenas
351 1422 437 1481 daret.
467 1423 558 1516 Igitur
582 1443 748 1494 mortuum,
771 1421 820 1483 seu

136 1523 291 1576 necatum,
315 1503 411 1562 multis
429 1501 515 1562 novis
532 1523 565 1561 ue
590 1501 745 1562 honoribus
764 1503 819 1563 Se-

138 1602 220 1642 natus
250 1582 356 1643 censuit
388 1525 587 1642 decoranlum.
616 1583 695 1642 Nam
724 1602 821 1663 practer

139 1662 170 1722 id
199 1660 277 1742 quod
307 1682 390 1722 antea
420 1663 534 1722 Patrem
561 1664 661 1723 Partiae
692 1662 820 1736 dixerat,

140 1743 246 1821 templa
265 1762 324 1802 tam
343 1743 463 1814 Romae,
480 1742 566 1824 quim
585 1765 633 1824 per
649 1745 732 1804 urbes
748 1745 821 1803 celc-

128 1823 277 1886 .berrimas
292 1826 317 1883 ei
332 1821 525 1898 consecravit,
541 1827 646 1886 cunctis
658 1823 746 1908 vulgi)
763 1831 821 1906 jac-

140 1905 283 1977 rantibus,
301 1907 420 1968 Utinam
434 1926 482 1966 aut
498 1929 557 1966 non
572 1905 750 1978 nasceretur,
772 1928 820 1969 aut
891 1961 893 1965 Α

138 2008 198 2048 uon
219 2006 383 2047 moreretur.
404 1987 533 2047 Alterum
548 1991 663 2068 pessimi
682 1991 819 2070 incoepti,
863 1998 864 2001 ’

138 2066 372 2207 εκίὶΐιςΑρῐκεΙαῑί
400 2069 528 2128 alterum.
555 2069 633 2128 Nam
660 2079 688 2128 &
708 2073 738 2128 in
757 2071 820 2130 adi·

158 2147 232 2208 iscen
253 2171 271 2206 o
289 2152 446 2229 principatu
465 2145 606 2228 oppreffor
625 2149 762 2209 libertatis
782 2149 821 2210 est

128 2169 269 2298 labitur,
289 2238 317 2289 δι
338 2232 369 2288 in
388 2229 512 2310 gerendo
537 2231 611 2288 cives
629 2231 669 2289 sic
690 2233 820 2304 amavit,

129 2329 169 2372 ,ut
195 2309 279 2369 tridui
307 2310 450 2368 frumento
478 2310 509 2368 in
538 2307 645 2370 horreis
672 2311 820 2396 quondam

137 2389 200 2450 viso
222 2387 354 2450 statuillet
376 2411 485 2450 veneno
504 2392 600 2463 mori,
623 2393 646 2450 si
664 2391 679 2449 ὲ
702 2394 820 2472 provin-

139 2473 188 2530 tiis
212 2469 305 2532 claffes
333 2469 438 2532 intetel
462 2493 522 2532 non
541 2474 677 2535 venirent.
707 2473 819 2550 Quihus

127 2552 283 2630 admotis,
308 2551 436 2612 felicitati
454 2556 535 2632 ejus,
563 2551 636 2628 [alus
662 2557 756 2635 patriae
781 2554 820 2615 est

127 2631 279 2699 (attributa.
299 2633 457 2713 Imperavit-
471 2635 551 2692 annis
570 2638 694 2716 quinqua
716 2637 819 2697 inca&

127 2711 205 2790 Aser,
223 2712 373 2785 duodecim
385 2735 449 2773 cum
463 2715 611 2786 Antonio,
629 2657 818 2799 quaclraginta

129 2791 205 2860 ‚vero
224 2805 251 2856 δι
269 2815 389 2876 quatuor
409 2793 572 2872 solunQui
585 2797 657 2855 certe
671 2818 817 2877 nunquam

126 2894 183 2938 ¹aut
201 2875 371 2958 Reipublicae
391 2875 427 2938 ad
447 2873 475 2936 se
496 2879 653 2958 potentiam
672 2874 815 2950 traxisset,

612 2957 641 3019 N
662 2959 692 3038 iij
