2142 3664
258 303 327 372 218
409 296 788 369 AunVrcror

258 423 301 501 pis
326 416 475 501 Philippiis
502 419 621 491 vitius,
646 419 774 480 Stratoni
803 421 943 484 cervicem

257 501 382 584 praebuit.

299 580 498 641 LXXXIII.
520 579 610 642 Caius
641 579 758 642 Cassius
791 579 942 666 Longinus

259 661 379 746 quaestor
403 662 501 726 Crassi
522 665 552 721 in
574 659 655 743 Syriai
677 660 754 733 fuit,
780 661 843 742 post
864 670 942 744 cujus

258 744 384 815 eaedem,
399 743 524 804 collectis
538 744 666 824 reliquiis
676 744 706 802 in
720 743 830 824 Syriam
845 746 939 808 rediit.

258 824 383 886 Osacem
400 823 563 906 praefectum
579 825 688 908 regium
707 824 782 905 apud
796 825 941 889 Orontem

257 909 376 968 fluvium
405 904 552 985 superavit.
586 905 663 966 Dein
694 904 773 988 qubd
803 911 943 990 co'e'mptis

258 989 379 1070 Syriacis
397 987 535 1048 mercibus
555 985 710 1046 foedissirni
731 1009 766 1046 ue
787 990 941 1062 otiaretur,

258 1070 387 1152 Caryota
407 1069 626 1152 cognominatus
647 1066 694 1127 est.
713 1009 859 1130 Tribunus
880 1071 942 1150 ple-

257 1149 302 1212 bis
315 1148 457 1212 Caesarem
470 1149 654 1290 OPEtgnavit·
669 1148 748 1210 Bello
762 1152 837 1210 civili
851 1151 942 1212 Pom-

202 1301 205 1306 ,
257 1235 353 1316 'peium
371 1229 508 1292 secutusc
538 1233 575 1290 ssi
591 1227 709 1311 prefuit.
723 1231 750 1291 A
764 1229 878 1292 Caesar'e
894 1254 942 1293 ve*

258 1315 337 1374 niam
355 1315 482 1392 accepit,
500 1330 596 1372 tamen
611 1309 741 1372 adverstis
757 1333 822 1372 eum
840 1319 941 1394 conju-

258 1397 375 1454 rationis
391 1395 487 1454 aanor
501 1414 565 1453 cum
580 1392 666 1453 Bruto
682 1392 759 1464 fuit,
778 1402 806 1454 &
820 1397 851 1454 in
866 1395 940 1458 caede

259 1476 401 1536 dubitanti
419 1474 554 1546 cuidam,
575 1472 634 1534 Vel
652 1495 701 1554 pet
725 1495 796 1545 me,
821 1477 940 1558 inquit,

259 1557 336 1629 feri3
361 1576 524 1658 magnoque
551 1557 672 1615 exercitu
696 1576 884 1636 comparato,
908 1560 940 1620 iu

258 1639 433 1700 Macedonia
457 1638 545 1698 Bruto
578 1640 742 1716 conjuncius
768 1639 798 1697 in
831 1641 940 1720 campis

257 1719 406 1802 Philippiis
431 1719 467 1779 ab
488 1719 617 1780 Antonio
640 1719 753 1790 victus,
777 1715 841 1779 crim
866 1741 938 1780 ean-

258 1804 324 1864 dern
338 1801 482 1862 fortunam
492 1800 572 1860 Bruti
585 1818 713 1880 putaret,
735 1800 784 1881 qui
795 1799 940 1874 Caesarem

256 1887 381 1954 vicerat,
401 1880 526 1942 Pindaro
543 1880 645 1940 liberto
663 1882 791 1964 jugulum
810 1882 953 1962 praebuit..

256 1965 349 2045 Cujus
366 1983 457 2024 morte
474 1959 593 2033 auditi,
615 1961 758 2024 Antonius
774 1961 940 2026 exclambise

253 2047 356 2109 dicitur
369 2090 379 2118 ,
393 2045 473 2104 Vici.

297 2124 465 2189 LXXXIV.
487 2125 585 2188 Sextus
606 2125 757 2207 Pompeius
778 2127 808 2186 in
826 2124 938 2208 Hispa·

255 2207 305 2272 nii
324 2207 399 2290 apud
416 2207 560 2268 Mundum
575 2208 688 2278 vitius,
713 2203 811 2267 amiffo
829 2207 913 2268 fratre
926 2255 939 2282 ,

254 2291 379 2374 reliquiis
404 2285 539 2350 exercitius
562 2289 709 2360 collectis,
731 2289 858 2350 Siciliam
881 2310 937 2370 pe-

254 2375 326 2442 tiit,
354 2372 404 2431 ubi
434 2372 520 2452 ruptis
542 2368 686 2462 ergastulis
711 2389 788 2428 mate
815 2368 938 2434 obsedit.

253 2453 416 2536 Interceptis
434 2449 638 2512 commeatibus
660 2449 773 2508 Italiam
797 2453 937 2532 vexavit3

253 2547 282 2600 &
295 2534 359 2596 etim
378 2536 452 2595 mari
468 2531 587 2593 feliciter
600 2547 742 2600 uteretur,
765 2531 893 2612 Neptuni
907 2531 938 2594 se

253 2617 343 2679 filium
368 2609 504 2676 confessus
533 2607 571 2668 est
591 2655 600 2681 ,
624 2631 745 2694 eumque
766 2613 858 2672 bobus
879 2635 935 2674 au·

253 2701 320 2762 tatis
336 2707 364 2758 δι
380 2717 454 2777 equo
473 2693 602 2776 placavit.
622 2692 695 2753 Pace
715 2693 791 2755 fasti
808 2695 936 2774 epulatus

255 2780 370 2845 intravi
389 2797 454 2836 cum
473 2775 602 2838 Antonio
617 2782 644 2834 &
657 2773 768 2836 Caesere
783 2797 842 2836 non
858 2777 937 2836 inve·

255 2860 333 2930 nustb
358 2859 398 2924 ait
418 2882 425 2918 ι
446 2856 500 2920 Hae
531 2853 595 2918 sunt
620 2877 689 2917 meae
713 2861 834 2930 cuine,
866 2860 936 2942 quia
