2060 3662
95 377 97 383 ,
230 296 596 368 tissimi.
663 362 669 385 ,
731 321 773 390 75

107 415 175 476 ritus·
188 414 282 495 Quare
299 415 418 498 profedli
438 435 534 477 contra
547 417 707 477 Antonium
726 437 782 479 tres

107 496 206 569 duces,
232 501 358 559 vicerunt
385 519 460 557 eum.
484 497 589 558 Evenit
611 517 727 569 tamen,
750 517 782 558 ut

105 579 215 639 nidores
227 577 368 641 Consules
385 579 472 638 ambo
488 597 668 640 morerentur.
686 580 784 657 Quare

105 676 154 718 tres
174 662 307 721 exercitus
328 661 378 721 uni
401 657 509 726 Caelari
527 658 656 746 Augusto
677 681 781 742 parue-

104 759 174 800 runt.

81 871 83 874 .
144 821 158 880 Ι
164 822 187 882 Ι.
210 822 334 905 Fugatus
346 820 507 894 Antonius,
529 817 629 900 amill'o
643 825 784 896 exercitu,

106 902 235 986 confugit
261 903 296 962 ad
318 903 481 982 Lepidum,
504 905 553 984 qui
574 902 693 964 Caesaris
716 905 787 966 Ma·

32 1027 48 1045 „
128 981 190 1042 ister
209 985 335 1064 equitum
357 982 470 1054 luerat,
495 993 523 1045 &
541 983 602 1044 ttim
621 1007 656 1044 co
677 988 716 1045 ias
735 987 789 1044 mi-

106 1003 189 1124 litum
233 1063 332 1124 sandes
354 1063 501 1136 habebat3
530 1063 547 1126 lt
567 1087 625 1146 quo
649 1005 789 1147 disceptus

108 1142 154 1204 eli
218 1167 255 1206 ox
274 1145 383 1227 Lepido
410 1167 525 1228 operam
553 1146 661 1218 dante,
693 1145 790 1210 Caesar

107 1241 172 1285 cum
189 1227 318 1288 Antonio
342 1249 440 1308 pacem
463 1226 530 1288 fecit
544 1249 552 1285 τ
566 1237 594 1289 &
613 1230 694 1330 ‹puasi
717 1231 787 1290 vin·

107 1305 246 1368 dicaturus
269 1310 353 1390 patris
378 1307 420 1368 sui
445 1329 591 1379 mortem,
618 1331 635 1369 a
679 1331 715 1369 uo
740 1331 789 1390 per

108 1385 304 1450 testamentum
336 1389 425 1450 fuerat
451 1391 629 1472 adoptatus,
658 1331 790 1451 lornant

107 1481 172 1530 aum
201 1473 324 1530 exercitu
352 1470 491 1552 profectus
517 1473 654 1542 extorsit,
679 1491 710 1532 ut
735 1472 791 1533 sibi

107 1553 249 1636 vigesimo
269 1574 345 1612 anno
368 1551 541 1613 Consulatus
561 1552 678 1611 daretur.
701 1552 794 1613 Sena·

108 1651 169 1692 tum
193 1631 354 1713 proscripsit
375 1653 439 1692 curn
462 1635 590 1692 Antonio
610 1641 636 1693 &
658 1633 767 1714 Lepido
780 1679 795 1706 ,

106 1722 136 1773 &
158 1714 377 1794 Rempublicanr
395 1716 480 1774 armis
501 1732 592 1773 tenere
615 1715 699 1794 coepit
717 1738 723 1771 :
732 1736 793 1856 sper

108 1792 162 1855 hos
195 1814 283 1856 ettam
313 1793 417 1856 Cicero
454 1814 549 1855 orator
576 1792 684 1857 occisus
718 1816 732 1854 e
778 1843 795 1870 ,

109 1877 251 1960 multique
269 1875 318 1936 alii
334 1875 452 1936 nobiles.

149 1958 213 2018 ΙΙΙ.
236 1958 345 2019 Interea
365 1959 464 2018 Brutus
486 1965 513 2018 δι
539 1955 679 2028 Cassius,
702 1959 796 2020 inter--

92 2035 231 2100 -feetores
256 2037 402 2109 Celeris,
431 2033 534 2122 ingens*
555 2039 662 2098 bellum
689 2059 793 2101 mote-

109 2140 175 2180 runt
198 2143 208 2192 3
242 2138 320 2180 erunt
348 2122 426 2179 enim
441 2125 443 2130 ’
457 2141 504 2200 per
530 2120 735 2179 Macedoniam
767 2131 796 2182 δι

109 2200 265 2262 Orientem
289 2201 371 2258 multi
397 2202 553 2270 exercitus,
575 2221 646 2280 quos
669 2220 795 2282 occupa·

111 2301 221 2347 verant.
246 2281 369 2341 Profecti
395 2281 480 2420 ipitur
506 2299 602 2341 contra
630 2303 677 2341 eos
701 2281 798 2344 Caesat

113 2363 293 2426 Ostavianus
321 2361 406 2456 Augu
431 2371 516 2431 us&
546 2362 591 2422 M.
622 2363 765 2424 Antonius
785 2365 821 2438 ,¹

115 2442 316 2524 (remanserat
339 2463 416 2504 emm
440 2442 477 2504 ad
502 2441 710 2504 defendendam
732 2445 796 2506 Ita-

114 2526 185 2587 liam
201 2525 370 2606 Lepidus),
387 2524 461 2605 apud
477 2523 643 2605 Philippos,
657 2525 797 2587 Macedo·

114 2609 168 2667 niae
189 2608 311 2676 urbem,
328 2624 424 2664 eontra
443 2627 491 2666 eos
511 2627 713 2689 pugnaverunt.
732 2605 801 2668 Pru

115 2709 166 2747 mo
185 2687 283 2769 ptaelio
303 2687 372 2746 vieti
392 2683 455 2746 sunt
472 2687 613 2748 Antonius
634 2697 661 2748 &
682 2686 800 2748 Caesar:

116 2772 199 2848 periit
210 2788 307 2830 tamen
319 2765 374 2830 dux
387 2768 542 2828 nobilitatis
554 2767 668 2830 Cassius
681 2793 687 2826 :
702 2767 801 2829 secun-

116 2849 160 2910 do‘
172 2851 312 2922 Brutum,
327 2858 354 2912 δι
368 2845 506 2912 infinitam
521 2851 723 2921 nobilitatem,
739 2872 801 2934 qut:

606 2932 686 3010 un.
