2142 3664
177 299 179 307 ⁴
267 285 336 344 266
409 275 782 350 AnnVrcror

261 417 335 478 quos
358 395 523 458 diuturnitas
541 398 627 458 nimis
645 397 781 469 validos,
807 421 840 460 ac
860 401 949 482 propi

262 479 369 537 incolas
391 474 545 550 effecerat,
571 478 714 558 proditum
737 501 771 539 ex
794 481 873 542 libris
895 484 945 544 Si-

263 559 378 639 byllinis
402 557 464 629 est,
492 560 616 640 primurn
641 559 750 621 ordinis
777 564 946 643 amplissimi
1034 574 1036 577 ’

260 641 384 700 νίᾶοῐίκ
405 640 576 702 vovendum.
600 639 734 724 Ctlmque
755 643 802 715 is,
825 645 874 726 qui
892 643 946 705 elle

182 747 185 752 ·
258 721 428 793 videbatur,
447 721 535 782 lemet
553 720 718 794 obtulisset,
735 723 790 784 sibi
808 723 899 804 potiris
915 727 945 788 id

259 805 382 863 muneris
414 823 573 885 competere
601 803 745 877 ostendit,
774 808 824 887 qui
850 806 945 869 reveri

260 883 379 944 senatus
398 903 483 966 atque
505 887 636 945 omnium
658 889 784 968 princeps
806 907 875 947 erat.
899 889 943 950 Ita
986 941 992 947 .

258 967 337 1026 nullo
353 965 485 1027 exercitiis
500 967 669 1027 detrimento
684 967 738 1028 fusi
749 967 864 1028 Barbari
877 967 943 1029 sub·
1028 1003 1030 1011 v

259 1051 410 1130 motique,
431 1046 580 1130 postquam
594 1049 749 1128 Imperator
767 1046 857 1108 vitam
875 1051 943 1111 Rei·

256 1129 377 1210 publicae
396 1129 473 1190 dono
501 1129 601 1190 dedit:
618 1128 690 1190 adeo
709 1131 791 1190 bonis
810 1129 883 1191 salus
902 1135 942 1192 ci·

256 1212 337 1271 vium
356 1229 388 1269 ac
407 1211 496 1293 longa
511 1208 554 1271 sui
570 1213 709 1271 memoria
728 1211 834 1272 cariora
854 1210 941 1288 sunt,

257 1312 319 1373 quae
339 1312 398 1350 non
441 1291 517 1352 loriae
535 1291 646 1363 modd,
668 1290 764 1353 verrini
785 1296 870 1352 etiarn
888 1315 939 1355 ra·

256 1377 335 1432 tione
376 1311 479 1432 uadum
504 1371 677 1454 posterorum
700 1372 828 1433 felicitati
846 1375 939 1454 proli-

228 1481 232 1489 ·
257 1457 344 1515 ciunt.
397 1475 432 1512 oc
445 1453 585 1536 siquidem
602 1453 785 1516 Constantius
800 1463 827 1514 &
841 1455 943 1518 Cons-

255 1537 403 1607 tantinus,
424 1555 507 1618 atque
528 1535 713 1616 imperatores
732 1533 844 1595 nostri.
867 1581 874 1596 .
898 1583 905 1598 .
933 1585 942 1602 ,

257 1662 387 1678 .....
409 1617 591 1698 corporisque
612 1619 752 1696 acceptior
772 1617 940 1692 militibus,

254 1701 437 1782 praemiorum
458 1697 530 1778 spe,
552 1696 600 1758 seu
621 1697 751 1760 lasciviae.
771 1698 840 1776 Quo
863 1720 940 1783 aegra

254 1779 433 1861 asperiorque
453 1781 572 1840 vidiotia
596 1778 679 1848 fuit,
701 1779 769 1839 dum
782 1825 794 1848 ,
814 1780 855 1838 uti
873 1801 940 1844 mos

254 1859 372 1922 subditis
395 1879 483 1930 erat,
514 1859 606 1920 studio
630 1861 745 1941 impund
768 1861 904 1940 peccandi
926 1909 938 1936 ,

253 1939 364 2003 remilla
378 1940 502 2023 Imperia
515 1945 670 2023 promptius
684 1943 771 2024 quim
785 1941 864 2002 utilia
880 1943 936 2002 de-

251 2024 380 2091 fendunt.
805 2042 806 2046 ’

293 2105 436 2167 XXXV.
458 2103 600 2167 Caeterrim
622 2105 788 2166 Aurelianus
813 2102 937 2170 succell'u

251 2207 332 2249 tanto
351 2185 569 2258 vehementior,
594 2185 743 2246 confestim
762 2188 843 2268 quasi
866 2187 936 2248 belli

250 2271 375 2351 reliquiar
396 2265 584 2348 superessent,
608 2269 637 2327 in
658 2265 755 2328 Persas
779 2265 935 2350 progtellus'

251 2349 299 2412 est.
319 2349 392 2428 Quis
409 2349 529 2418 deletis,
552 2349 664 2411 Italiam
684 2350 835 2429 repetivit,
854 2353 952 2428 cujus.

250 2432 331 2491 urbes
351 2432 576 2493 Alamannorum
597 2430 792 2490 vexationibus
814 2429 929 2512 afflige-

250 2513 374 2582 bantur,
402 2513 485 2572 simul
504 2511 654 2572 Germanis
680 2510 776 2572 Gallia
796 2509 930 2572 demotis.

248 2590 380 2664 Tetrici,
398 2591 433 2651 de
452 2613 509 2674 quo
526 2589 606 2674 supra
624 2595 931 2666 commemoravimus,

214 2729 219 2734 .
249 2674 323 2736 taesae
342 2675 489 2758 legiones,
510 2673 650 2752 proditore
668 2672 730 2754 ipso
750 2674 828 2733 duce.
849 2673 930 2734 Nam

247 2755 399 2825 Tetricus,
423 2752 486 2814 crim
500 2752 623 2813 Faustini
636 2754 760 2814 Praesidis
782 2752 850 2812 dolo
869 2773 932 2812 cor·

249 2833 484 2918 ruptis'militibus
495 2837 658 2916 plerumque
692 2853 828 2915 peteretur
840 2878 850 2906 ,
861 2835 926 2894 Au·
