2106 3666
251 343 319 410 314
375 317 500 392 Anu.
529 321 803 392 Vrcroars

248 461 309 522 qua
327 435 484 500 incredibili
504 437 650 522 diligentis
669 439 706 500 ad
728 439 852 522 speciem
873 463 934 524 op-

247 523 312 582 timi
327 520 541 586 Patrisfamilias
559 520 768 602 exsequebatur.
786 523 938 604 Appeteu·

247 601 288 662 til
310 603 406 685 glorie
426 621 546 670 carens,
566 611 594 661 &
619 599 831 674 ostentatione3
857 603 935 664 adeo

247 679 408 743 mansuetus
418 728 430 754 ,
445 701 475 742 ut
489 679 653 743 instantibus
666 683 796 744 Patribus
809 685 847 744 ad
863 707 934 756 eos,

270 766 297 823 ui
311 783 408 824 contra
425 785 490 823 eum
504 769 740 843 conjuraverant,
760 764 937 847 persequen-

248 785 325 916 los,
352 842 538 925 compresserit
566 843 774 986 questionem,
800 847 937 926 praefatus

249 923 354 988 necesse
377 949 435 986 non
460 923 538 994 esse,
579 925 673 986 celeris
695 930 723 986 in
748 927 936 1009 semetipsum

249 1007 387 1089 cupidos,
410 1005 576 1088 pertinacius
592 1007 742 1089 indagari,
763 1030 799 1067 ne
820 1011 844 1068 si
862 1010 935 1090 plu'-

249 1111 292 1150 res
313 1091 516 1170 reperirentur,
540 1089 652 1169 quantis
672 1087 741 1147 odio
763 1087 828 1148 effer
843 1135 855 1159 ‚
884 1097 935 1150 in·

250 1171 428 1254 telli'geretur.
448 1171 538 1252 Igitur
555 1169 630 1249 apud
649 1169 751 1230 Lorios
771 1169 841 1230 villai
864 1193 938 1252 pro·

168 1293 172 1302 -
250 1250 332 1332 ptiai,
348 1251 471 1310 millibus
484 1246 609 1330 pasluum
623 1249 773 1310 duodecim
788 1253 824 1311 ab
835 1252 938 1326 Urbe,

251 1331 325 1391 febri
350 1352 504 1412 paucorum
534 1331 645 1390 dierum
691 1329 734 1390 ost
759 1350 813 1392 tres
845 1336 878 1392 at
901 1353 938 1394 ue

249 1413 354 1494 viginti
372 1433 462 1471 annos
480 1415 591 1492 imperii
610 1353 790 1492 consiimptus
810 1411 860 1474 est.
917 1416 937 1474 b

250 1499 328 1572 cujus
350 1491 488 1552 bonorem
510 1494 615 1574 templa
629 1491 820 1564 ,sacerdotes
845 1515 937 1578 atque

250 1573 361 1635 infinita
374 1575 429 1634 alia
443 1575 553 1634 decreta
571 1573 642 1634 sunt.
657 1571 756 1656 Usque
776 1573 811 1634 eb
832 1597 937 1636 autem

250 1657 328 1718 mitis
352 1655 429 1727 fuit,
451 1675 481 1714 ut
502 1654 565 1714 etim
588 1655 627 1714 ob
647 1657 747 1736 inopia:
768 1654 935 1718 frumenta-

252 1740 299 1798 ria
313 1735 500 1817 suspicionem
514 1735 653 1817 lapidibus
671 1735 687 1796 a
702 1737 783 1816 plebe
796 1737 937 1799 Romana

250 1817 499 1900 perstringeretur,
524 1819 653 1876 maluerit
674 1819 781 1876 ratione
804 1818 936 1900 exposit&

251 1899 387 1979 placare,
408 1897 494 1978 quim
515 1897 612 1956 ulcisci
630 1897 805 1958 seditionem.

291 1977 385 2040 XVI.
406 1979 522 2038 Marcus
539 1979 667 2039 Aurelius
684 1981 845 2039 Antoninus
870 1983 934 2040 im·

252 2062 360 2142 petavit
372 2080 461 2120 annos
479 2059 577 2120 decem
591 2068 618 2120 Sc
630 2065 706 2120 ocio.
724 2058 778 2119 lsle
794 2063 935 2122 virtutum

253 2145 383 2202 omnium
407 2187 419 2211 ,
455 2138 626 2222 coelestisque
657 2143 764 2224 ingenii
796 2139 934 2214 exstitit,

175 2273 177 2277 .
253 2221 437 2304 aerumnisque
457 2222 574 2302 publicis
593 2225 672 2302 quasi
695 2219 827 2281 defensor
843 2223 932 2303 obje-

254 2306 314 2363 Clus
329 2303 375 2362 est.
397 2304 511 2362 Etenim
524 2305 579 2363 uisi
595 2303 631 2362 ad
644 2303 692 2362 illa
706 2323 762 2362 tem
783 2325 833 2362 ora
848 2323 933 2364 natus

253 2381 344 2455 esset,
371 2382 500 2464 profesio
525 2383 607 2464 quasi
629 2405 687 2442 uno
713 2324 792 2463 lapsu
817 2382 934 2444 ruislent

254 2467 353 2524 omnia
381 2463 464 2524 statiis
486 2465 620 2524 Romani.
647 2465 760 2544 Quippe
782 2465 820 2524 ab
846 2468 933 2525 armis

254 2543 393 2626 nusquam
404 2548 482 2627 quies
496 2564 574 2618 erat,
587 2565 688 2626 perque
702 2567 818 2605 omnem
829 2545 933 2606 Orien-

253 2647 342 2699 tem,
372 2625 543 2706 Illyticum,
574 2626 717 2697 Italiam,
749 2627 932 2708 Galliamque

254 2707 328 2769 bella
346 2705 492 2766 fervebant
505 2731 515 2778 3
529 2727 605 2767 terrae
617 2727 710 2766 motus
728 2727 788 2766 non
806 2711 865 2767 sine
886 2711 932 2768 in·

254 2791 337 2849 teritu
352 2790 520 2858 civitatum,
544 2788 741 2848 inundationes
759 2790 932 2859 fluminum,

254 2871 313 2933 lues
333 2869 457 2942 crebre,
481 2867 648 2932 locustarum
665 2867 769 2954 species
793 2871 867 2952 agris
884 2872 929 2930 in·
