2110 3666
244 379 310 444 342
366 351 491 422 Aur.
521 351 799 432 Victoris

238 471 341 542 miiso,
362 471 470 555 sagittis
491 469 619 540 saucius,
640 468 749 529 incasit
768 468 938 548 deportator

241 553 404 624 vilissimit
433 554 482 612 ubi
510 550 772 633 supervenientibus
800 549 938 624 Gothis,

243 638 359 719 ignique
382 632 553 716 supposito,
575 631 710 692 incendio
736 653 940 712 concrematus

244 715 292 776 est.
310 717 344 776 ln
360 737 419 797 quo
437 713 582 796 probanda
598 711 657 774 haec
675 712 765 774 fuere.
782 713 849 774 Ftrit
867 713 939 794 pos-

244 797 396 860 sessoribus
417 794 562 856 consultot
579 795 670 854 bonus
694 818 702 852 t
724 814 836 854 mutate
861 796 939 874 judi-

245 901 289 940 ces
300 881 405 938 tarius:
420 881 451 938 in
464 880 571 938 amicos
586 875 659 935 fidus
672 901 678 934 t
694 874 776 935 irasci
787 878 848 935 sine
860 875 939 938 noxit

244 959 279 1020 ac'
295 960 419 1040 periculo
437 957 569 1039 cujusque
585 981 592 1015 :
611 955 679 1016 sani
698 957 782 1016 valdb
804 959 938 1019 timidus.

246 1043 339 1121 Hujus
355 1041 539 1120 ,temporibus
567 1040 724 1119 Procopius
743 1039 939 1119 ‘tyrannidem
992 1095 994 1098 .

247 1123 382 1184 invadens
403 1121 595 1203 exstinguitur.
722 1153 725 1158 ·

287 1201 412 1265 XLVII.
434 1203 587 1263 Gratianus
598 1202 708 1282 genitus
728 1201 859 1274 Sirmio,
880 1206 944 1263 im·

247 1287 355 1366 peravit
390 1305 455 1344 cum
490 1301 568 1362 patre
603 1282 812 1342 Valentiniano
847 1307 942 1347 annos

248 1369 339 1436 ocio,
362 1365 421 1424 dies
444 1366 592 1446 octoginta
615 1366 769 1444 quinque3
793 1385 860 1424 cum
888 1388 942 1448 pa-

170 1466 174 1474 ·
249 1467 311 1510 uuo
332 1455 359 1507 ὃ(
380 1445 463 1506 fratte
487 1465 564 1515 tres,
585 1465 650 1504 cunt
671 1443 774 1504 eodem
793 1444 884 1506 fratre
907 1469 942 1508 ac

250 1525 417 1588 Theodosio
435 1546 576 1608 quatuor,
597 1535 625 1586 δι
642 1523 686 1585 his
703 1527 839 1586 omnibus
858 1549 943 1588 acce·

250 1609 333 1670 dente
350 1607 495 1679 Arcadio,
510 1605 618 1668 menses
637 1604 693 1666 sex.
713 1607 773 1666 Hic
791 1612 868 1687 apud
887 1611 944 1670 Ar

251 1693 410 1774 gentariam
434 1689 572 1770 oppidum
594 1687 697 1748 Gallie
723 1689 758 1746 tri
780 1691 842 1748 inta
869 1691 944 1750 Aia-

250 1791 423 1832 mannorum
444 1771 535 1830 mtilia
558 1771 589 1830 itt
611 1769 689 1828 bello
713 1709 855 1829 extinxit.
882 1771 944 1832 Hic

249 1851 317 1912 crim
338 1847 595 1921 anitnadvettiiset,
617 1847 776 1910 Thraciam
800 1852 946 1911 Dacian-

251 1950 385 2013 queram
407 1953 473 1992 uam
519 1931 634 1990 enitales
653 1949 740 1991 terras
761 1933 943 2011 possidenti·

251 2013 304 2073 bus
334 2013 396 2074 Got
418 2015 469 2082 iu,
498 1953 711 2092 gl‘a'iphalisqun
741 2030 828 2094 atque
858 2018 945 2075 omni

252 2095 375 2176 pernicie
404 2093 589 2154 atrocioribus
617 2093 732 2153 Hunuis
758 2101 784 2152 δι
817 2094 945 2168 Alanis,

252 2195 409 2236 extremum
432 2175 588 2254 periculum
612 2172 713 2234 instare
734 2177 849 2233 nomini
874 2177 942 2236 Ro-

255 2277 367 2328 mano,
399 2257 490 2315 accito
512 2257 548 2316 ab
573 2253 714 2334 Hispaniis
740 2253 945 2331 Theodosio,

253 2339 361 2397 cunstis
383 2335 542 2396 faventibus
554 2336 698 2418 „degenti
720 2358 828 2395 annum
849 2336 867 2397 it
892 2343 947 2400 tti-

253 2419 509 2486 tesmonium,
527 2420 677 2497 imperium
697 2421 862 2478 committit.
878 2421 947 2481 Fuit

257 2518 350 2560 autem
373 2498 524 2558 Gratianus
544 2499 641 2557 litteris
664 2496 740 2558 haud
761 2499 968 2574 mediocriter¹

229 2611 232 2618 ·
256 2579 417 2649 institutus3
439 2599 553 2638 carmen
578 2577 692 2649 facete,
719 2580 818 2640 ornati
839 2581 948 2662 ioqui,

258 2684 290 2722 ex
311 2662 396 2720 litate
418 2662 620 2720 controversias
641 2659 799 2720 Rhetotum
827 2683 912 2722 more
940 2688 948 2723 z

258 2684 331 2806 nibil
348 2741 425 2801 aliud
443 2740 488 2800 die
501 2744 643 2822 nostuque
663 2763 766 2825 agere,
783 2739 873 2824 qu’am
891 2743 909 2803 s
926 2749 951 2806 i-

259 2827 328 2886 culis
349 2822 504 2892 meditari,
527 2820 698 2904 summaque
720 2823 876 2904 voluptatis
900 2767 951 2885 ‹ii-

259 2910 386 2986 uinaeque
405 2905 470 2964 attis
488 2901 596 2962 credere
613 2902 696 2964 ferite
714 2903 861 2965 destinata.
875 2908 951 2968 Par-

260 3009 307 3049 cus
335 2988 391 3048 cibi
412 2984 591 3068 somnique5
616 2993 643 3049 δι
667 2988 729 3048 vini
754 3007 787 3049 ac
815 2987 953 3058 libidinis
