2110 3666
243 347 312 414 374
384 279 573 393 Saxas
610 323 759 395 Ruri

240 446 315 504 tibus
334 440 443 503 classem
465 463 513 524 per
533 440 694 524 Euphraten
712 443 827 503 invexit.
843 443 922 504 Stre-

241 545 313 584 nuus
331 521 471 607 ingressu,
494 525 582 584 multa
598 517 741 584 Persarum
760 525 866 604 oppida
887 535 923 588 ae

242 604 374 676 castella,
388 625 436 664 aut
449 601 568 683 suscepit
582 604 698 674 dedita,
713 623 761 664 aur
774 625 924 680 manuce-

262 689 291 744 it.
317 685 393 746 Ctim
420 704 517 744 contra
541 671 785 765 Ctesiphontem,
807 686 838 745 in
860 685 924 767 cipi

241 705 368 848 Xigridis
384 763 576 845 &Euphratis
592 771 651 844 jam
667 768 748 825 mixti
767 764 853 826 castra
873 764 925 827 ha·
984 764 986 766 ’

242 846 341 916 beret,
361 845 447 906 ludos
464 865 497 904 ue
518 844 702 928 campestres,
717 865 755 906 ut
774 843 846 904 hosti
868 845 926 908 sol·

177 923 181 950 ²
242 927 417 987 licitudintm
440 869 585 997 demeret,
607 945 654 1006 per
677 926 753 985 diem
774 923 924 1008 agitasset,

241 1010 335 1070 noeiis
357 1007 453 1068 medio
478 1009 624 1086 impositos
650 1007 767 1066 navibus
791 1007 923 1080 milites,

242 1090 273 1148 in
303 1089 462 1149 ulteriorem
486 1090 576 1168 ripam
595 1087 717 1168 ¹'repente
745 1087 923 1160 transvexit3

242 1171 293 1250 qui
307 1189 356 1246 per
370 1169 455 1229 ardua
472 1171 589 1228 nitentes
604 1214 613 1238 ‚
630 1166 685 1248 qua
701 1167 820 1236 difficilis
835 1171 925 1232 etiam

242 1269 293 1332 per
307 1249 405 1319 diem,
426 1259 453 1308 &
468 1249 545 1307 nullo
559 1246 748 1327 prohibente,
767 1246 858 1308 fuisset
875 1249 927 1310 ad·

243 1327 375 1399 scensus,
393 1328 488 1388 Persas
505 1335 607 1388 terrore
626 1327 924 1392 subitomiscueruntt
1000 1359 1003 1363 ·
1032 1371 1035 1378 ·

239 1409 382 1490 ‘versisque
399 1409 561 1482 agminibus
575 1411 660 1468 torius
678 1411 792 1490 gentis,
815 1431 926 1488 apertas

244 1489 440 1571 Ctesiphontis
458 1511 549 1569 portas
568 1491 659 1550 vidior
677 1491 757 1550 miles
777 1487 924 1565 inarsisset,
952 1556 964 1562 ..

242 1575 275 1634 ni
289 1577 382 1652 major
400 1571 552 1650 praelatum
570 1575 682 1630 occasio
703 1567 815 1640 fuisset,
835 1568 924 1652 quim

244 1675 310 1712 cura
329 1655 462 1716 vitione.
490 1651 615 1712 Tantam
639 1651 754 1731 adeptus
779 1653 925 1735 gloriam,

245 1733 310 1792 crim
336 1733 371 1792 de
390 1734 480 1792 reditu
500 1731 516 1791 *a
539 1732 674 1792 militibus
702 1733 900 1792 admoneretur
914 1779 928 1814 ,Ι

1032 515 1035 538 l

215 1879 218 1888 ,
245 1815 397 1876 intentioni
422 1813 476 1873 suae
498 1817 589 1896 magis
619 1813 735 1873 credidit
751 1825 801 1892 τὰ
826 1813 927 1874 exustis

246 1896 364 1953 navibus
385 1886 403 1963 ,’
424 1894 487 1954 crim
514 1893 531 1952 a
556 1893 700 1974 transfugi
721 1941 732 1962 ‚
757 1895 807 1976 qui
832 1893 862 1953 se
888 1895 927 1956 ad

246 1973 402 2034 fallendum
432 1975 603 2052 objecerat,
630 1975 788 2045 indubius,
814 1977 866 2034 viae
895 1979 926 2037 i'n

246 2056 420 2116 Madeneam
445 2055 612 2134 compendia
635 2051 806 2126 sedaretur,
828 2055 926 2117 dextro

211 2151 212 2154 ’
247 2131 363 2198 adversi
384 2137 511 2226 Tigridis
530 2135 590 2216 sipi
612 2137 718 2196 nudato
742 2137 864 2194 militum
884 2137 928 2199 la·

193 2223 209 2232 ”
248 2235 327 2286 tere,
346 2219 397 2275 iter
410 2218 534 2297 relegens
549 2239 558 2286 3
579 2217 647 2276 dum
663 2217 799 2276 incautiris
810 2237 859 2354 Fer
877 2239 929 2302 ag-

249 2317 315 2356 men
329 2315 400 2367 errat
411 2299 501 2356 excito
515 2297 647 2374 pulvere,
662 2317 767 2378 ereptus
782 2298 796 2354 ὲ
824 2319 926 2360 uorum

248 2377 418 2456 consuediu,
433 2377 470 2436 ab
482 2375 604 2436 hostium
615 2375 703 2437 obvio
717 2379 825 2458 equite,
839 2398 927 2439 conto

250 2476 299 2539 per
318 2458 366 2518 ilia
391 2460 483 2527 ictus,
505 2459 653 2539 inguinum
671 2478 749 2518 tenus
767 2459 928 2532 vulneratus

250 2537 319 2598 cst:
346 2541 418 2597 inter
443 2535 609 2600 effusionem
640 2541 723 2600 nimii
750 2535 925 2622 sanguinis,

160 2643 167 2654 ·
249 2616 315 2686 otim
337 2615 449 2679 suorum
465 2618 599 2690 ordines,
622 2619 689 2680 licit
711 2617 842 2690 saucius,
863 2617 926 2679 ins-

251 2695 379 2761 taurlrlset
400 2743 410 2770 ‚
434 2703 618 2768 ¹cund'tantena
648 2702 805 2772 animam,
831 2702 928 2763 multis

251 2777 318 2842 suos
335 2779 480 2840 adlocutus
499 2826 509 2851 ,
531 2781 643 2841 efflavit.

291 2861 423 2924 XXIX.
443 2861 580 2925 Jovianus
599 2861 703 2946 praeliis
728 2857 929 2946 superiorem,
