2142 3664
231 329 298 374 ιιι
378 303 495 374 Aure.
524 305 738 375 Vrcrort

228 429 277 484 vit.
300 424 377 484 Sulla
397 444 462 482 eum
488 423 582 502 praelio
600 425 691 494 vicit,
712 423 822 482 classem
850 429 909 504 ejus
983 475 988 488 .

230 504 390 585 proditione
403 501 534 562 Archelai
547 505 692 584 intercepit
704 525 714 574 3
731 503 822 584 ipsum
835 505 909 585 apud

231 583 448 656 Orchomenum
469 583 603 664 oppidum
619 583 691 643 fudit
708 594 734 644 &
752 589 909 664 oppressit,

232 675 259 726 &
277 667 367 744 potuit
384 685 499 743 capere,
520 667 595 734 nisi,
616 663 761 724 adverstirn
778 665 907 726 Marium

233 745 387 816 festinans,
403 746 636 884 sgualemcunque
660 766 758 826 pacem
786 767 908 827 compo-

233 847 299 884 nere
315 827 401 886 malui
424 845 458 884 et.
482 825 593 885 Deinde
610 847 675 884 euru
691 825 804 886 Cabiris
823 825 908 886 resis-

230 926 339 966 tentem
355 907 485 965 Lucullus
507 905 589 965 fudit.
611 903 792 966 Mithridates
812 907 873 986 post
894 906 911 968 'a

232 988 371 1068 Pompeio
390 990 529 1046 nocturno
552 988 646 1066 praelio
670 989 783 1058 victus,
807 989 837 1046 in
860 1008 908 1046 re-

169 1076 171 1080 ’
235 1090 323 1150 gnum
341 1067 490 1150 confugit,
510 1069 557 1126 ubi
574 1088 621 1145 per
638 1066 803 1126 seditionem
820 1089 856 1148 po
877 1089 911 1128 u·

234 1151 335 1208 larium
357 1147 373 1207 ‘a
389 1147 530 1207 Pharnace
549 1146 608 1206 filio
628 1149 657 1206 in
676 1167 747 1206 turre
763 1090 911 1221 obsessis,
939 1165 941 1169 ’

234 1249 373 1290 venenum
393 1227 517 1306 sumpsit.
542 1227 630 1304 Quod
651 1225 715 1286 crim
735 1227 837 1289 tarditis
861 1230 910 1289 bi-

235 1305 333 1382 beret,
350 1312 416 1390 quia
431 1307 577 1368 adverstim
594 1327 701 1368 venena
720 1309 813 1368 multis
830 1309 912 1370 antei

235 1391 468 1450 medicaminibus
482 1408 579 1469 corpus
592 1387 738 1460 firmiter,
756 1387 911 1452 immissum

203 1495 209 1548 t
235 1469 417 1552 percussorem
441 1471 557 1530 Gallum
581 1469 729 1530 Sithocum
750 1474 914 1530 austoritare

237 1551 329 1612 vultlrs
355 1554 480 1611 territum
509 1554 675 1620 revocavit,
702 1561 729 1610 δε
753 1554 783 1611 in
808 1553 913 1612 caedem

240 1631 319 1692 suam
340 1655 454 1692 manum
475 1631 635 1714 trepidantis
656 1631 770 1712 adjuvit.

278 1713 429 1772 LXXVII.
452 1713 508 1774 Cn.
529 1713 679 1793 Pompeius
694 1715 842 1796 Magnus,
866 1717 911 1773 ci-

238 1795 289 1853 vili
310 1795 385 1852 bello
403 1794 485 1854 Sullae
505 1813 595 1873 partes
618 1793 749 1864 secutuS,
771 1797 810 1852 ite
831 1797 889 1875 egit
903 1817 920 1866 ‚·

238 1893 269 1933 ut
299 1876 334 1932 ab
365 1895 400 1932 eo
432 1875 555 1932 maxime
586 1873 754 1955 diligeretur.
787 1875 915 1934 Siciliam

237 1957 297 2016 sine
315 1955 391 2013 bello
410 1951 427 2012 ὲ
442 1951 599 2033 proscriptis
614 1957 726 2034 recepit.
745 1954 915 2015 Numidiam

238 2034 352 2094 Hiarbae
373 2053 518 2115 ereptam,
539 2032 690 2094 Masinilsae
711 2033 835 2096 restituit.
857 2037 915 2096 Vi·

260 2118 312 2175 inti
332 2114 379 2175 sex
402 2137 491 2176 annos
509 2134 589 2176 natus
609 2114 800 2196 triumphavit.
824 2117 913 2198 Lepi-

239 2137 308 2256 dum
333 2201 394 2257 asta
409 2198 490 2257 Sullae
505 2195 658 2258 rescindere
673 2198 838 2269 volentem,
857 2201 916 2276 pri-

239 2297 318 2336 vatus
335 2277 417 2336 Italici
435 2277 551 2359 fugavit.
573 2279 675 2338 Praeror
696 2280 726 2336 in
745 2277 916 2358 Hispaniam

239 2377 290 2438 pro
300 2357 471 2418 Consulibus
484 2355 575 2416 missus
586 2359 740 2417 Sertorium
751 2361 827 2416 vicit.
840 2359 917 2418 Mox

239 2440 340 2516 piratas
358 2441 429 2498 intra
442 2437 686 2518 quadragesimum
702 2437 777 2495 diem
796 2437 916 2520 subegit.

239 2518 395 2600 Tigranem
426 2517 462 2576 ad
489 2516 689 2585 deditionem,
716 2513 917 2580 Midrridatem

237 2597 276 2668 ad
297 2619 436 2657 venenum
453 2597 597 2676 compulit.
620 2597 732 2657 Deinde
751 2597 824 2658 miri
847 2597 915 2658 seli-

240 2681 324 2738 citate
340 2699 413 2737 nunc
427 2680 456 2736 in
468 2678 660 2758 Septentrione
673 2679 822 2748 Albanos,
842 2679 916 2739 Col·
999 2677 1001 2680 ’

240 2757 326 2829 chos,
337 2755 520 2830 Heniochos,
536 2758 673 2840 Caspios,
688 2760 810 2820 Hiberos
820 2805 829 2830 ,
841 2781 918 2820 nunc

242 2842 272 2900 in
293 2841 410 2902 Oriente
431 2838 571 2911 Parthos,
597 2841 727 2912 Arabes,
755 2860 837 2922 atque
860 2841 916 2902 Ju-
