2142 3664
68 537 71 540 .
155 478 203 539 est.

162 277 831 368 ,mmmmmmmm

154 419 204 480 per
224 395 345 478 speciem
363 397 513 482 legationis
530 397 560 456 in
572 395 672 459 Asiam
691 397 836 481 ablegatus
937 407 938 413 ’

162 611 164 616 .
196 559 300 621 LXV.
321 557 410 620 Caius
426 555 571 618 Gracchus
582 556 754 640 pestilentem
768 559 836 620 Sar-

154 639 264 706 diniam
291 637 420 718 Quaestor
446 637 558 700 sortitus
582 684 594 708 ,
620 661 678 700 non
706 643 835 700 veniente

155 718 336 790 successore,
354 718 403 780 sui
419 717 517 799 sponte
538 720 663 780 decessit.
689 720 835 782 Asculanae

156 811 185 864 &
209 803 262 862 Fre
284 803 379 861 ellanae
401 799 566 861 defectionis
588 799 726 862 invidiam
749 801 834 864 susti-

157 885 228 943 nuit.
242 823 385 946 'lgtibunus
395 881 484 962 plebis
503 883 667 964 agrarias&
680 881 837 944 frumenta-

158 965 215 1028 rias
234 965 309 1046 leges
324 963 395 1022 tulit.
412 961 543 1024 Colonos
560 964 645 1022 etiam
659 960 791 1042 Capuam
809 974 837 1028 &

157 1041 316 1105 Tarentum
340 1043 490 1114 mittendos
515 1041 630 1102 censuit.
656 1042 837 1107 Triumviros

158 1128 234 1208 agris
254 1123 410 1186 dividendis
431 1122 481 1194 se,
502 1133 529 1184 &
542 1123 671 1184 Fulvium
684 1125 837 1199 Flacctun,

159 1215 188 1274 δι
211 1206 248 1266 C.
273 1203 403 1266 Crassum
428 1203 577 1266 constituit.
603 1204 735 1266 Minucio
758 1207 837 1268 Ruso

160 1285 292 1346 Tribuno
313 1286 401 1366 plebis
421 1285 529 1370 legibus
552 1283 608 1346 suis
627 1287 786 1370 obrogante
807 1291 838 1350 in

159 1367 338 1446 Capitolium
350 1369 446 1438 venit3
460 1367 510 1428 ubi
523 1365 587 1428 etim
600 1366 723 1428 Antilius
737 1415 748 1437 ,
765 1389 837 1448 pras

157 1469 194 1512 co
214 1445 325 1528 Opimii
345 1445 500 1518 Consulis,
520 1450 550 1507 in
568 1445 651 1508 tuabi
670 1445 761 1510 suisset
780 1471 835 1508 oc-

159 1526 231 1593 cisus
249 1573 260 1598 ,
281 1531 311 1586 in
326 1523 425 1588 forum
446 1525 608 1597 descendit,
628 1529 836 1608 &imprudens

154 1611 328 1671 concionem
342 1606 500 1668 ltTribuno
513 1608 600 1688 plebis
617 1611 748 1668 avocavit
756 1631 767 1678 3
781 1609 839 1690 qui

160 1709 191 1748 re
214 1692 357 1750 arcessims
370 1735 382 1759 ,
406 1686 470 1748 crim
493 1689 523 1746 in
546 1687 680 1748 Senatum
703 1711 762 1749 non
782 1710 837 1750 ve-

160 1767 241 1836 nisset
253 1815 263 1841 ,
276 1769 384 1830 armati
402 1766 511 1830 familiai
527 1771 701 1834 Aventinum
714 1790 838 1852 occupa·
903 1809 913 1818 -

160 1855 203 1916 tit
217 1875 224 1909 ε
237 1851 287 1912 ubi
301 1851 337 1910 ab
350 1850 471 1931 Opimio
483 1852 594 1920 vissus,
610 1841 682 1914 ilum
697 1847 713 1912 *a
731 1853 838 1933 templo

160 1933 248 1994 Luna
267 1931 382 2002 desilit,
400 1931 490 1992 talum
511 1932 644 2001 intorsit,
664 1939 692 1990 δι
714 1931 838 1995 Pontino

161 2017 256 2074 amico
273 2010 348 2094 apud
365 2031 477 2092 portam
492 2009 715 2093 Trigeminam,
735 2015 767 2074 P.
781 2013 840 2076 L&

161 2098 238 2154 totio
255 2096 286 2154 in
298 2095 387 2154 Ponte
404 2092 530 2152 Sublicio
551 2089 777 2173 persequentibus
792 2115 838 2154 re-

162 2173 300 2245 sistente,
325 2176 355 2233 in
380 2174 475 2232 lucum
500 2173 608 2230 Furinae
632 2177 766 2252 pervenit.
794 2175 840 2236 Ibi

162 2257 209 2316 vel
228 2253 299 2324 sual,
319 2255 365 2314 vel
382 2251 454 2314 servi
475 2252 583 2332 Eupori
599 2273 685 2312 manu
702 2254 839 2318 interfec-

163 2355 207 2397 tus
224 2381 234 2408 ,
255 2353 337 2416 caput
355 2332 567 2413 xaSeptimuleio
585 2335 678 2394 anico
692 2334 839 2409 Gracchi,

164 2416 202 2492 ad
227 2416 379 2498 Opimium
408 2415 525 2476 relatum
549 2459 560 2486 ,
586 2435 655 2474 auro
688 2416 840 2498 expensum

164 2497 277 2571 femur,
298 2517 411 2578 propter
435 2497 584 2558 avaritiam
604 2493 698 2558 infuso
722 2500 841 2580 plumbo

164 2583 277 2663 gravius
293 2573 434 2638 effectum.
546 2655 548 2660 Ι

205 2659 329 2722 LXVI.
347 2658 464 2718 Marcus
480 2657 576 2719 Livius
592 2657 722 2731 Drusus,
738 2681 839 2744 genere

159 2750 193 2804 ,δι
215 2736 375 2822 eloquentis
398 2759 536 2822 magnus,
558 2737 605 2800 sed
626 2740 791 2801 ambitiosus
812 2750 850 2802 δε·

164 2819 322 2904 superbus,
341 2817 447 2883 AEdilis
466 2840 568 2884 munus
590 2820 839 2906 magnificentissi-

244 2935 246 2940 ·
655 2905 718 2982 Ivj
