2134 3668
208 317 343 389 Oarco
369 319 655 390 GanrrrRorr,
710 346 771 411 141

97 431 207 496 honore
230 439 435 518 impartiendos
460 436 531 508 else,
551 437 637 522 quim
660 439 752 524 Reges
763 447 778 512 '3

98 518 164 576 inde
175 517 305 578 videlicet
317 524 457 589 trabium,
470 539 501 580 ut
510 521 626 580 Herculi
637 519 778 582 decimam

99 597 242 678 profanari
258 623 321 660 mos
338 599 421 672 effer,
443 599 594 662 secundum
606 602 684 682 quod
698 602 780 662 Plau-

99 695 143 741 tus
162 678 196 737 In
212 701 342 754 partem,
369 684 460 762 inquit
477 727 487 754 ‚
507 683 729 752 Herculaneum,
749 683 780 743 id

99 755 163 830 est,
182 759 330 820 decimam.
348 761 523 823 Consecrati
538 765 624 844 igitur
644 762 691 822 ard
706 763 778 838 Ma,-

99 839 204 910 xitnti,
227 840 430 923 profanathue
456 842 530 922 apud
553 863 616 902 eam
643 842 779 916 decimi,

99 919 283 993 Recaranus,
301 942 335 979 eo
357 919 434 1003 qudd
454 921 616 982 Carmentis
637 925 778 994 invitata,

101 1001 137 1064 ad
152 1001 181 1060 id
200 999 310 1062 sacrum
321 1023 379 1062 non
393 999 540 1072 adfuillet‚
558 1002 669 1073 sanxit,
686 1023 721 1061 ne
736 1009 782 1064 cui

101 1081 227 1142 fet-mina
242 1081 284 1142 fas
302 1079 367 1142 effer
378 1081 453 1144 vesci
469 1103 502 1142 ex
522 1103 578 1154 eo,
598 1083 676 1164 quod
689 1083 781 1143 eidem

101 1183 156 1222 arce
175 1160 312 1222 sacrarum
332 1161 396 1224 ellet
415 1209 425 1235 ,
447 1182 531 1244 atque
551 1165 587 1222 ab
605 1162 638 1222 eal
658 1185 687 1222 re
709 1164 783 1224 divi·

100 1241 163 1312 ni,
181 1243 304 1304 foerninae
320 1247 349 1304 in
367 1263 459 1305 totum
474 1265 598 1305 remotae.

143 1323 227 1384 Vll.
249 1325 318 1384 Haec
341 1325 456 1388 Cassius
481 1326 529 1385 lib.
556 1345 576 1385 1.
598 1323 637 1384 At
659 1323 727 1384 verb
752 1328 783 1387 in

102 1403 181 1464 libris
216 1405 422 1466 Pontificaliurn
460 1406 577 1465 traditur
610 1405 782 1477 Hercules,

105 1483 176 1544 Jove
207 1506 290 1567 arque
318 1485 456 1547 Alcmend
481 1490 590 1568 genitus
613 1529 623 1556 ‚
654 1484 783 1566 superato

105 1565 262 1647 Geryone,
279 1589 365 1649 agens
382 1567 477 1626 nobile
497 1584 656 1625 armentum
675 1611 683 1637 ,
706 1571 784 1644 cupi-

105 1645 157 1706 dus
185 1652 243 1726 ejus
267 1651 377 1728 generis
401 1649 488 1706 boves
512 1649 541 1704 in
567 1643 678 1705 Graecil
699 1645 786 1705 insti⁴

105 1726 227 1797 tuendi,
246 1727 320 1786 fortb
342 1729 371 1786 in
389 1747 422 1785 ea
439 1727 502 1785 loca
515 1723 637 1795 venille,
659 1734 686 1784 δι
703 1727 787 1784 uber-¹

106 1826 163 1866 tare
189 1807 284 1887 pabuli
305 1807 485 1878 deledlatus,
511 1825 542 1864 ut
562 1825 596 1864 ex
619 1805 708 1888 longo
731 1809 783 1866 iti-

106 1908 172 1948 nere
195 1885 325 1948 homines
347 1887 388 1948 sui
414 1897 560 1966 &pecora
581 1883 785 1961 reficerentur,

106 1968 283 2050 aliquamdiu
316 1967 410 2031 sedem
441 1968 483 2026 ibi
511 1963 685 2027 constituill'e.
713 1969 785 2046 Quae

107 2050 172 2114 crim
194 2053 223 2110 in
240 2051 336 2121 valle,
355 2051 403 2109 ubi
421 2046 551 2108 nunc.est
571 2046 670 2107 Circus
688 2049 787 2108 Maxi·

107 2151 171 2189 mus
182 2174 192 2200 ,
203 2129 377 2211 pascerentur
388 2176 397 2202 ,
411 2151 445 2188 ne
466 2127 537 2188 lecta
553 2125 694 2196 custodia,
707 2127 786 2208 qudd

108 2231 194 2270 nemo
218 2210 381 2270 credebatur
405 2150 517 2270 audurus
543 2207 649 2266 violare
669 2207 787 2267 Hercu-

108 2293 143 2352 lis
156 2291 309 2432 praedam,
333 2292 471 2351 latronem
494 2286 636 2368 quendam
663 2290 788 2370 regionis

108 2379 154 2452 eju
168 2373 257 2444 dem,
277 2394 324 2431 ma
345 2371 470 2432 nitudine
491 2370 615 2447 corporis
636 2375 663 2427 δι
687 2371 788 2429 virtute

108 2454 214 2514 caetetis
236 2393 431 2535 pra-valentem
451 2498 460 2523 ,
483 2453 549 2508 odio
569 2447 655 2507 boves
675 2452 704 2507 in
726 2448 788 2529 spe-

110 2536 245 2607 luncam,
264 2529 416 2615 quominus
432 2531 537 2591 furtum
555 2526 677 2610 vestigiis
691 2531 789 2612 colligi

129 2613 198 2676 oll'et
221 2661 231 2686 ,
256 2614 351 2674 caudis
378 2607 544 2674 abstraxisse.
566 2606 698 2688 Cquue
722 2599 788 2671 inde

110 2637 247 2756 llercules
265 2691 460 2774 proficiscens,
475 2693 612 2770 reliquum
630 2691 788 2752 armentum

112 2775 177 2838 casu
205 2796 310 2856 praeter
329 2774 447 2834 eandem
475 2771 634 2852 speluncam
666 2791 787 2852 ageret,

112 2857 187 2921 {orte
204 2857 328 2942 quidam
346 2852 465 2918 inclusas
480 2853 567 2914 boves
584 2845 790 2912 transeuntibus
825 2847 838 2932 ἰ
