2142 3664
274 316 341 378 262
393 301 794 390 uenefici-01³.

198 461 201 472 ·
271 429 462 508 direptiones,
487 429 554 507 quia
573 428 607 487 L.
616 426 778 488 ·AElidnum
799 431 949 506 juverant,

272 505 417 568 abnuilset.
435 508 546 590 Igitur,
568 529 602 568 eo
619 506 738 578 occiso,
757 508 867 568 Marius
883 509 949 569 ferri

293 589 417 648 nondam
433 587 550 668 opifex,
563 609 652 669 neque
665 591 750 648 etiam
765 608 825 648 tum
839 591 949 650 militie

271 611 337 729 latis
352 671 459 739 clatus,
478 690 596 752 regnum
615 671 696 750 capit.
713 669 834 728 Proinde
848 675 950 732 cundia

230 791 233 798 -
270 750 308 810 ad
326 769 479 809 extremum
496 750 668 821 reciderant,
687 752 728 810 uri
744 750 846 810 talibus
861 753 951 830 impe-

271 833 312 890 ria
328 853 360 890 ac
374 833 507 890 virtutum
523 834 652 891 omnium
667 830 750 890 decus
767 831 889 890 ludibrio
907 831 951 892 es-

270 910 340 972 sent.
371 911 448 970 Hinc
478 911 598 992 denique
625 913 781 990 joculariter
811 911 949 984 dicium,

269 1013 449 1073 nequaquam
468 993 571 1050 mirum
587 992 696 1062 videri,
720 993 743 1052 si
760 1013 819 1052 rem
837 993 949 1054 Roma·
984 1011 989 1016 ·

269 1085 343 1134 nam'
361 1075 470 1133 Marius
495 1071 604 1132 reficere
632 1072 831 1141 contenderet,
860 1095 950 1154 quam

268 1153 379 1215 Marius
394 1151 517 1232 ejusdem
533 1156 618 1224 artis,
638 1157 734 1213 audior
751 1151 895 1234 stirpisque
914 1177 949 1215 ac

269 1237 420 1305 nominis,
445 1231 622 1293 lolidaviller.
649 1235 716 1314 Hoc
735 1235 863 1316 jugulato
885 1235 950 1315 poli

269 1315 409 1384 biduum,
425 1315 589 1374 Victorinus
608 1315 759 1398 deligitur,
777 1315 844 1374 belli
861 1313 961 1376 sciem'

269 1394 309 1457 tii
334 1393 467 1456 Postumo
492 1416 560 1475 par,
583 1393 679 1454 vettim
704 1394 822 1455 libidine
845 1401 947 1476 praeci-

267 1479 343 1557 piti3
363 1473 419 1556 qui
436 1472 562 1534 cohibiti
581 1477 610 1536 in
627 1476 764 1545 exordio,
786 1474 847 1556 post
865 1477 949 1556 bien·

269 1559 311 1617 nii
332 1559 503 1636 imperium,
529 1555 708 1636 constupratis
730 1558 760 1615 vi
784 1556 870 1636 pletis
886 1579 947 1631 ue,

268 1639 318 1698 ubi
337 1639 468 1698 Attiriani
492 1642 642 1720 conjugem
663 1639 846 1716 concupivit,
866 1580 946 1699 laci-

268 1719 376 1858 nus2ue
392 1719 429 1779 ab
448 1717 481 1778 ei
496 1721 557 1778 viro
574 1718 744 1798 patefatllum
763 1716 824 1788 est,
844 1721 949 1780 a'ccen·

215 1835 217 1841 ι
268 1803 306 1860 sis
337 1801 420 1859 urtim
439 1799 575 1858 militibus
592 1820 639 1878 per
654 1797 821 1858 seditionem
836 1801 948 1882 Agrip-

268 1883 339 1960 pinae
350 1879 493 1940 occiditur.
505 1878 631 1938 Tantum
643 1881 840 1940 Astuatiorum
851 1925 861 1951 ,
874 1901 948 1960 quo·
967 1920 970 1925 ,

264 1983 330 2021 rum
345 1962 409 2019 loco
422 1961 574 2019 Attitianus
590 1957 762 2030 habebatur,
778 1963 808 2019 in
825 1961 949 2023 exercitu

243 2043 406 2116 'ludiones
433 2041 531 2122 vigent
550 2085 562 2110 ,Δ
588 2059 619 2100 ut
645 2041 763 2100 arduum
789 2043 948 2121 petentibus

205 2184 209 2196 ,
267 2123 377 2186 malitia
396 2139 567 2201 patratorum
585 2142 672 2204 genus
688 2119 859 2193 hominum,
875 2143 947 2202 prae·

268 2205 362 2268 sertim
383 2199 436 2262 hac
454 2200 635 2282 tempestate,
657 2223 799 2282 nequam,
822 2205 947 2276 venale,

268 2284 423 2352 callidum,
444 2281 628 2354 seditiosum,
647 2281 771 2344 habendi
790 2285 947 2363 cupidum,

268 2386 354 2447 atque
383 2363 421 2423 od
448 2365 601 2442 patrandas'
622 2363 731 2424 fraudes
757 2364 948 2446 velandasque

269 2449 350 2529 quasi
373 2444 409 2502 ab
433 2443 527 2504 naturi
552 2443 681 2515 Fadium
705 2466 822 2504 annonae
844 2445 944 2504 domi-

184 2601 186 2606 ,
269 2548 340 2589 nans
357 2531 368 2595 ,'
385 2544 474 2603 eoque
499 2524 578 2583 utilia
598 2526 756 2584 curantibus
777 2535 804 2586 &
827 2525 947 2586 fortunis

269 2625 410 2670 aratorum
436 2603 594 2686 infestum,
624 2606 740 2685 prudens
764 2607 793 2664 in
819 2626 948 2686 tempore

270 2689 314 2750 his
338 2683 498 2767 largiendi,
523 2707 643 2767 quorum
665 2686 796 2746 vecordiis
819 2689 946 2748 damno·

270 2792 325 2852 que
349 2785 416 2846 opes
443 2769 616 2828 contraxerit.
645 2767 759 2826 interim
784 2769 915 2830 Vidioria
933 2815 945 2838 ,

268 2848 371 2914 amilio
389 2846 540 2930 Vieiorino
561 2846 642 2922 filio,
662 2848 823 2932 legionibus
846 2851 947 2935 grandi
