2134 3668
357 294 541 363 Lraae'
576 296 620 362 X.
702 347 705 351 .
761 318 822 382 123

146 415 302 498 principem
320 411 434 474 decuit:
451 413 561 473 fuerunt
582 413 657 472 enirn
676 415 825 485 nonnulli,

146 500 197 579 qui
217 498 332 558 uulnera
351 496 447 578 gloriae
465 500 522 572 ejus
540 492 672 560 inferrent
688 517 695 552 t
710 497 740 555 in
762 517 828 575 pro-

146 579 281 638 vinciales
301 574 483 655 justissimus3
502 583 528 635 δι
547 576 733 646 tributorum,
755 597 828 657 qua·

147 677 228 725 tenus
260 657 321 740 fieri
349 653 436 737 pollet
449 702 459 728 ,
488 653 618 736 reprellor
646 679 653 714 ε
681 654 769 716 civilis
798 661 828 717 in

148 743 264 800 cuncios
282 739 471 797 :mediocrem
490 735 596 796 habens
609 740 696 796 atarii
710 759 804 797 curam
821 762 827 795 :

148 821 245 903 gloriae
264 818 385 890 avidus,
406 841 439 878 ac
455 839 503 898 per
519 839 583 876 eam
601 821 690 876 animi
709 821 829 898 plerum-

171 923 204 960 ue
225 899 401 960 immodici:
424 899 568 982 religionis
590 897 757 959 Christianae
778 903 827 960 in·

148 923 269 1041 leciator
284 979 420 1062 ,perinde
440 999 559 1050 tamen,
576 999 607 1038 ut
625 1000 720 1038 cruore
739 979 828 1039 absti-

150 1081 236 1121 neret.
266 1063 368 1122 Marco
395 1061 544 1120 Antonino
575 1081 634 1120 non
663 1060 830 1122 absimilis:

150 1164 236 1224 quern
257 1145 341 1202 etiarn
361 1145 485 1202 aemulari
505 1139 641 1200 studebat.

192 1223 308 1284 XVII.
330 1221 396 1300 Post
414 1221 488 1283 hunc
510 1223 668 1293 Iovianus,
691 1223 741 1304 qui
763 1236 837 1283 tunc'
882 1271 884 1276 .

152 1302 318 1366 domesticus
335 1306 496 1375 militabat,
516 1303 552 1363 ad
571 1303 758 1363 obtinendum
774 1306 831 1363 im-

151 1389 258 1466 perium
273 1383 409 1444 consensu
423 1382 556 1444 exercitiis
569 1383 655 1444 lellus
673 1382 732 1454 est,
749 1406 831 1443 com-

153 1467 335 1526 mendatione
352 1467 437 1546 patris
453 1463 539 1547 quim
558 1463 607 1524 sul
622 1465 759 1525 militibus
777 1487 831 1524 no-

153 1549 208 1606 t-iot
223 1571 230 1605 ι
246 1550 295 1630 qui
308 1551 365 1623 jam
378 1546 495 1605 nubatis
508 1546 610 1616 rebus,
628 1548 748 1604 exercitu
761 1567 832 1627 quo-

153 1649 210 1708 que
227 1625 324 1707 inopial
340 1627 508 1696 laborante,
528 1645 586 1684 uno
606 1624 623 1684 *a
640 1627 728 1685 Persis
748 1645 832 1708 atque

154 1709 244 1767 altero
261 1708 355 1788 praelio
369 1709 481 1778 villus,
505 1725 604 1786 pacem
622 1727 686 1764 cum
705 1707 832 1787 Sapore,

155 1785 334 1849 necelsariam
371 1787 485 1860 uidem,
504 1785 552 1847 sed
570 1787 727 1870 ignobilem
746 1787 832 1860 fecit,

155 1871 287 1930 multatus
305 1809 427 1941 finilaus,
448 1889 481 1929 ac
496 1869 633 1928 nonnulli
647 1871 757 1950 imperii
771 1869 833 1930 Ro·

155 1954 235 2010 mani
252 1971 328 2031 parte
346 1947 448 2010 traditi
470 1973 477 2006 :
514 1951 571 2010 uod
587 1969 651 2011 ante
669 1971 734 2010 eum
753 1955 844 2011 annis·

156 2032 234 2092 mille
256 2049 367 2092 centum
393 2041 420 2092 δι
442 1973 730 2114 duobus-dewiginti
751 2031 833 2102 ferle,
875 2025 877 2034 '

154 2134 189 2172 ex
221 2134 278 2195 quo
307 2113 470 2171 Romanum
504 2113 654 2191 imperium
688 2111 833 2174 conditum

155 2213 239 2263 erat,
262 2211 407 2272 nunquam
425 2191 536 2250 accidit.
562 2192 727 2268 Quinetiam
745 2191 835 2276 legio·

132 2290 203 2334 'nes
229 2273 348 2344 nostra,
374 2275 413 2332 ita
436 2281 464 2332 δι
488 2271 562 2352 apud
592 2271 760 2344 Caudium,
786 2293 836 2355 pet

154 2355 290 2415 Pontium
301 2353 463 2413 Telesinum
478 2399 489 2425 ,
512 2362 540 2412 &
558 2355 587 2412 in
600 2351 739 2433 Hispanii
758 2355 834 2436 apud

155 2435 368 2508 Numantiam,
389 2444 418 2495 dc
439 2435 468 2493 in
493 2432 631 2494 Numidia
658 2433 709 2494 sub
734 2441 833 2519 jugum

156 2515 241 2577 miffae
263 2515 349 2587 sunt,
370 2535 401 2575 ut
418 2513 490 2574 nibil
511 2514 723 2575 ramenfinium
745 2517 835 2576 trade·

156 2617 238 2658 retur.
264 2597 309 2656 Ea
329 2600 403 2676 pacis
424 2595 549 2655 conditio
565 2617 623 2655 non
649 2595 757 2676 penitds
785 2619 832 2656 re·
864 2599 868 2606 '

157 2677 353 2760 prehendenda
378 2677 474 2748 foret,
500 2679 521 2736 si
545 2675 656 2752 foederis
680 2680 832 2737 necessita-

158 2779 240 2830 rem,
264 2757 326 2818 ctirn
349 2761 489 2839 integrum
507 2758 581 2828 fuit,
599 2777 705 2816 mutare
722 2758 833 2816 voluil'-

159 2839 223 2911 set,
244 2842 314 2900 sicut
331 2838 503 2902 *tironianis
520 2837 715 2976 omnibussbis
733 2839 812 2897 bellis
824 2879 844 2910 ,-

662 2942 669 2952 .
695 2940 713 2996 1]
