2134 3668
257 315 320 378 168
403 297 780 378 Aua.Vrcron

199 500 202 508 Ι
252 426 352 498 visset,
398 450 462 488 enet
483 427 499 487 *a
522 428 680 508 Tarquinio
698 425 860 507 adsumptus
882 426 933 486 est.

251 509 290 568 Et
308 509 370 568 crim
377 450 447 570 lter
465 507 573 568 occisus
589 507 674 579 esset,
688 508 832 587 Tanaquil
843 528 876 566 ex
894 510 935 568 al·

251 592 317 650 tiori
345 591 410 649 loco
440 590 476 650 ad
504 591 639 668 populum
666 590 819 669 despiciens
844 629 855 658 ,
893 592 935 648 ait

251 669 376 730 Priscum
391 672 470 754 gravi
482 669 620 751 quidem,
640 668 757 730 sednon
776 670 853 728 letali
869 671 934 730 vul·

250 771 315 808 nere
344 770 488 830 accepto,
515 771 605 830 petere
633 771 664 810 ut
695 752 836 820 interim,
863 748 932 812 dum

250 830 441 901 convalescit,
459 831 556 891 Servio
574 831 672 890 Tullio
694 831 770 891 dieto
789 827 933 892 audientes

250 908 343 972 essent.
359 914 468 972 Servius
478 911 589 971 Tullius
606 914 687 992 quasi
696 913 819 991 precario
832 931 861 968 re
882 931 933 971 na-

250 1012 278 1050 re
300 997 404 1072 coepit‚
426 990 474 1051 sed
490 994 564 1052 redte
579 995 728 1072 imperium
747 991 853 1052 admin'
892 1015 928 1058 az

248 1075 300 1132 vit.
318 1073 451 1134 Etruscos
470 1070 539 1152 saepe
557 1073 677 1134 domuit.
699 1074 813 1134 Collem
832 1072 932 1148 Quiri-

249 1155 342 1215 nalem
362 1164 390 1214 δι
403 1155 579 1212 Viminalern
591 1163 618 1214 δι
635 1152 776 1235 Esquilias
789 1153 864 1214 Urbi
883 1154 931 1213 ad-

249 1233 343 1304 didit3
360 1255 511 1316 aggerem,
534 1232 672 1316 fossasque
692 1234 768 1296 fecit.
789 1229 929 1313 Populum

248 1315 278 1373 in
300 1334 420 1395 quatuor
439 1315 527 1374 tribus
546 1314 702 1386 distribuit,
721 1337 753 1375 ac
773 1312 835 1395 post
853 1315 929 1393 plebi

248 1393 388 1454 distribuit
406 1417 558 1455 annonam.
580 1394 751 1465 Mensurae,
776 1395 900 1475 pondera
919 1443 928 1467 ‚

248 1474 341 1534 classes
366 1521 375 1545 ‚
397 1475 587 1557 centuriasque
608 1475 758 1536 constituit.
787 1476 928 1554 [Primus

247 1559 377 1618 omnium
394 1555 507 1616 censum
527 1558 687 1629 ordinavit,
701 1559 751 1639 qui
771 1553 862 1616 adhuc
881 1578 929 1636 per

246 1639 345 1696 orbem
367 1657 498 1698 tetrarum
521 1641 689 1722 incognitus'
702 1639 788 1713 etat]
813 1638 931 1697 Latino·

246 1739 308 1778 runi
332 1720 441 1799 populis
466 1717 628 1799 persuasit,
654 1722 695 1779 uti
721 1719 850 1797 exemplo
873 1739 928 1777 eo-

151 1823 155 1828 ’
246 1821 328 1870 rum,
347 1802 396 1880 qui
415 1800 515 1860 Dianae
533 1797 663 1880 Ephesiae
681 1799 769 1860 aedem
787 1795 928 1872 fecissent,

246 1888 273 1937 &
296 1882 348 1958 ipsi
374 1879 462 1938 aedem
486 1881 586 1940 Dianae
611 1885 640 1940 in
666 1883 808 1940 Aventino
833 1878 926 1938 aedifi-

247 1979 348 2020 carent.
369 1960 436 2036 Quo
458 1957 582 2038 effestu,
607 1962 660 2021 bos
688 1961 800 2021 cuidam
822 1961 927 2020 Latino

247 2043 323 2101 mirae
355 2041 556 2122 magnitudinis
587 2061 681 2113 nata,
714 2052 740 2102 dt
765 2039 929 2120 responsum

247 2119 348 2181 somno
376 2121 499 2192 datum,
531 2143 595 2181 eum
622 2123 757 2202 populum
786 2120 929 2182 summam

247 2203 357 2282 imperii
381 2201 560 2273 habiturum,
585 2209 661 2272 cuius
681 2206 750 2263 civis
767 2204 870 2261 bovem
892 2204 929 2262 il·

247 2283 304 2340 lum
319 2279 495 2343 immoldllet.
512 2285 628 2344 Latinus
641 2285 744 2343 bovem
757 2288 786 2343 in
799 2284 926 2343 Aventi-

204 2358 207 2366 ’
245 2377 323 2426 num*
339 2366 423 2444 egit,
449 2373 476 2423 &
498 2363 610 2423 causum
634 2363 774 2432 sacerdoti
792 2363 927 2424 Romano

247 2441 381 2523 exposuit.
397 2443 447 2502 llle
461 2445 595 2515 callidus,
609 2445 681 2504 dixit
696 2445 768 2525 prius
779 2465 843 2503 eum
857 2446 927 2504 vivo

246 2526 360 2582 flumine
390 2544 489 2583 manus
524 2525 634 2584 abluere
665 2525 773 2584 debere.
808 2525 927 2586 Latinus

246 2604 314 2664 dum
335 2605 371 2663 ad
394 2603 522 2662 Tiberim
543 2604 705 2677 descendit,
724 2605 851 2666 sacerdos
870 2605 927 2665 bo-

245 2706 310 2746 vem
337 2685 505 2744 immolavit.
537 2686 579 2745 lta
607 2689 755 2766 imperium
783 2686 925 2757 civibus,

247 2765 301 2825 sibi
321 2765 440 2847 gloriam
460 2764 536 2825 fadlo
557 2769 730 2849 consilioque
749 2767 883 2848 quaesivit.
919 2801 923 2812 ι

254 2895 257 2900 .
284 2847 398 2907 Servius
415 2845 526 2906 Tullius
543 2845 630 2908 filiam
647 2850 762 2908 alteram
782 2847 925 2918 ferocem,

820 2947 927 2987 mitem
