2142 3664
237 345 305 388 200
346 311 752 388 ·Aua.Vrcaoa

227 449 262 500 ’δε
287 435 381 498 nescio
406 437 462 518 qual
483 457 553 496 voce
578 455 725 496 revocante
749 435 915 516 profectus,¹

235 519 299 577 crim
325 518 361 577 ad
384 517 570 578 Numantiam
593 515 707 577 venisset
726 563 736 586 ,
762 521 914 578 exercitum

235 597 365 678 Pompeii
378 618 521 678 acceptum
536 597 608 678 priris
625 601 762 680 corrigere
774 599 914 670 decrevit,

236 689 263 740 &
285 679 472 740 solitudinem·
489 681 576 758 petiit.
602 680 648 738 Eo
673 678 717 738 die
744 678 916 740 Numantini

237 761 311 820 forte
322 758 430 820 solenni
442 778 529 840 nuptu
540 758 610 818 filias
622 760 773 830 locabant3
788 771 814 820 &
827 783 915 820 unam
960 753 972 766 “

237 840 392 921 speciosam
423 840 531 900 duobus
560 843 811 920 competentibus,
836 859 916 920 pater

236 923 334 1003 puellae
354 921 547 981 conditionem
568 923 651 992 tulit,
671 940 701 980 ut
718 924 744 978 ei
763 921 810 980 illa
829 922 918 980 nube-¹

236 1023 300 1073 ret,
319 1005 368 1084 qui
386 999 471 1061 hostis
492 1002 619 1061 dextram
638 999 774 1060 retulisset.
792 1001 917 1062 Profecti

236 1089 349 1162 juvenes
359 1080 533 1154 ,abscessum
545 1083 741 1142 Romanorum
754 1085 783 1141 in
797 1083 917 1142 modurn

238 1164 313 1246 fugae
334 1165 542 1243 properantium
569 1161 742 1246 cognoscunt
762 1187 771 1233 3
795 1183 856 1222 rem
879 1164 918 1224 ad

238 1243 302 1304 suos
322 1243 452 1304 referunt.
471 1243 517 1303 Illi
539 1243 630 1304 statim
653 1261 772 1324 quatuor
791 1245 918 1305 millibus

238 1323 351 1398 suorum
368 1327 472 1408 viginti
490 1326 580 1384 millia
596 1325 793 1384 Romanorum
808 1325 919 1386 cecide-

237 1427 310 1465 tunt.
326 1407 501 1478 Mancinus,
520 1410 632 1470 auclore
645 1404 763 1463 Tiberio
782 1404 918 1466 Graccho

239 1487 372 1568 quaestore
391 1484 462 1560 suo,
479 1489 508 1544 in
526 1488 601 1570 leges
615 1484 737 1545 hostiurn
751 1485 841 1546 foedus
859 1489 920 1565 petss

240 1572 322 1628 cussit
334 1591 343 1638 3
358 1589 415 1649 quo
426 1589 475 1648 per
486 1567 619 1628 Senatum
631 1569 813 1648 improbam,
829 1568 920 1628 Man-

239 1653 317 1709 cinus
338 1649 520 1708 Numantinis
541 1648 675 1717 deditus,
694 1669 745 1706 nec
758 1668 891 1728 ⁴receptus
905 1696 918 1723 ,

239 1733 357 1814 augurio
372 1732 401 1790 in
414 1728 499 1790 castra
513 1728 668 1800 deductus,
682 1729 829 1788 Praeturam
842 1729 920 1810 post-

241 1809 273 1869 ea
289 1810 452 1870 consecutus
472 1809 519 1870 est.
830 1809 832 1813 ’

281 1891 344 1968 LX,
359 1883 460 1952 Lucitis
473 1891 652 1961 Mummius,
667 1890 777 1952 devillal
790 1891 919 1966 Achaiai,
968 1887 970 1893 ’

240 1970 412 2044 Achaicus,
439 1971 568 2032 adversus
595 1972 763 2032 Corinthios
787 1974 880 2032 missus
906 2019 929 2050 ,-

240 2055 390 2114 vitiorium
410 2054 502 2114 alieno
523 2053 618 2112 labore
636 2057 780 2133 quaesitam
801 2057 921 2114 interce·

240 2136 291 2214 pit.
310 2135 388 2194 Nam
403 2133 466 2194 crim
488 2135 551 2194 illos
564 2135 695 2194 Metellus
715 2135 919 2198 Macedonicus

240 2215 315 2294 apud
333 2217 501 2275 Heracleam
520 2213 629 2274 fudiffet
647 2261 656 2285 ,
677 2224 704 2274 &
723 2215 793 2274 duce
815 2217 918 2277 Crito-

241 2297 288 2355 lao
313 2295 438 2375 priviss'et
461 2320 472 2368 3
503 2317 565 2355 cum
598 2297 741 2355 lictoribus
771 2305 798 2356 &
823 2299 921 2376 paucis

242 2379 382 2457 equitibus
414 2379 444 2435 in
473 2377 584 2434 Metelli
615 2375 700 2436 castra
729 2380 888 2455 properavit
911 2381 925 2450 ,'

240 2467 269 2517 &
294 2454 460 2518 Corinthios
482 2457 518 2515 ad
538 2458 740 2536 Leucopetram
761 2459 828 2515 vicit'
850 2458 922 2517 duce

242 2539 351 2606 Diaeo,
370 2539 420 2618 qui
440 2537 557 2596 domum
580 2537 709 2621 refugit,
730 2557 849 2618 eamque
869 2541 920 2598 in-

243 2617 357 2688 cendit,
377 2622 526 2700 conjugem
546 2619 703 2690 interfecit,
727 2627 753 2678 &
771 2621 800 2677 in
823 2621 922 2701 ignem

242 2699 427 2780 praecipitavit
441 2721 451 2768 3
466 2695 524 2777 ipse
537 2719 644 2758 veneno
658 2701 748 2778 periit.
761 2701 923 2762 Mummius

241 2777 418 2841 Corinthum
453 2781 538 2861 signis
570 2779 726 2862 tabulisque
756 2779 920 2860 spoliavit,

245 2861 346 2941 quibus
360 2858 423 2919 crim
436 2878 527 2919 totam
540 2859 663 2940 replellet
678 2860 810 2933 Italiam,
825 2863 855 2922 in
869 2861 924 2922 do-

243 2963 325 3003 murn
346 2940 424 3006 suam
445 2939 517 3004 nihil
536 2941 662 3003 contulit.
