2142 3664
234 290 300 353 186
380 285 751 354 AonVrcrou

229 403 448 464 Tarentinorum
462 403 568 463 bellum
583 402 721 464 Romanis
738 403 839 464 intulit.
852 404 913 466 Lae·

229 488 327 544 vinum
354 482 511 544 Consulem
542 483 614 564 apud
647 484 815 544 Heracleam
846 487 910 558 'ele-

229 563 399 646 phantorum
416 569 540 624 novitate
556 567 686 626 turbavit.
706 564 838 646 Cquue
850 567 913 626 Ro-

229 667 329 706 manos
352 646 470 706 adversis
487 647 646 706 vulneribus
665 645 773 722 occisos
784 647 909 708 videret:

229 727 316 810 Ego,
338 730 452 808 inquit,
473 727 574 786 talibus
598 729 734 788 militibus
759 729 836 788 brevi
857 750 910 788 ot-

173 843 177 850 1
229 808 295 867 bem
316 827 449 867 terrarum
473 805 533 866 subi
555 828 600 866 erc
621 806 777 886 potuill'em.
802 809 912 870 Amicis

230 889 457 971 gratulantibus,
477 827 554 968 quid
568 885 640 948 mihi
660 909 725 948 cum
743 890 792 948 tali
813 893 910 950 vidio-

231 968 291 1039 til,
311 973 420 1050 inquit,
435 969 484 1028 ubi
502 967 636 1028 exercitiis
656 971 739 1030 robur
758 973 909 1030 amittam?

232 1050 279 1110 Ad
295 1054 460 1112 vicesimum
474 1049 509 1109 ab
520 1051 601 1111 Urbe
612 1050 735 1131 lapidem
755 1049 842 1109 castra
862 1073 913 1130 po·
998 1092 1000 1097 ·
1059 1059 1062 1072 ¹

231 1129 294 1190 suit.
326 1131 464 1212 Captivos
501 1131 631 1190 Fabricio
664 1134 749 1213 gratis
781 1131 911 1192 reddidit.

230 1210 305 1272 Viso
322 1213 428 1272 Laevini
442 1214 583 1281 exercitu,
596 1209 714 1271 eandem
732 1213 787 1272 sibi
804 1214 843 1270 ait
861 1213 914 1274 ad-

230 1291 325 1352 versus
345 1293 514 1362 Romanos,
539 1312 623 1372 quam
642 1293 758 1352 Herculi
772 1292 918 1356 adversus.
971 1315 977 1330 ¹

231 1370 371 1454 hydram,
389 1369 467 1431 fuiffe
487 1371 639 1432 fortunam.
664 1375 692 1434 A
709 1373 799 1434 Curio
817 1383 844 1433 δε
862 1375 914 1436 Fa-

231 1453 320 1512 bricio
346 1451 515 1533 superatus,
544 1452 700 1514 Tarentum
725 1453 857 1536 refugit3
883 1459 927 1517 iu¹

232 1535 357 1594 Siciliam
380 1537 496 1613 trajecit.
520 1533 594 1594 Mox
619 1537 648 1594 in
674 1534 786 1614 ltaliam
806 1535 914 1596 Locros

232 1613 386 1699 regressus,
415 1617 562 1695 pecuniam
594 1613 763 1694 Proserpinae
794 1614 916 1676 avehere

233 1700 372 1757 tentavit:
389 1695 436 1756 sed
453 1719 485 1756 ea
504 1695 654 1780 naufragio
671 1697 756 1756 relata
774 1694 821 1755 est.
835 1697 916 1759 Tum

234 1780 264 1836 in
287 1779 429 1838 Graeciam
451 1775 601 1860 regressus,
620 1775 684 1836 crim
705 1781 746 1836 Ar
766 1797 798 1836 os
817 1799 914 1859 oppu-

234 1878 352 1939 gnaret,
368 1860 425 1918 istu
445 1859 544 1939 tegulae
565 1854 715 1937 prostratus
734 1799 780 1918 eh.
793 1857 916 1939 ¹Corpus

203 1993 208 1996 .
232 1938 269 1998 ad
280 1940 459 2021 Antigonum
479 1957 574 2021 regern
585 1939 764 2000 Macedonia
778 1940 916 2014 relatum,
1001 1984 1005 1993 -

235 2017 386 2100 magnifice
404 2017 550 2099 sepultum.

275 2085 394 2183 Pyrrhus
416 2099 479 2160 crim
495 2099 617 2161 secundo
633 2101 727 2182 praelio
749 2099 919 2170 bRomanis

236 2179 300 2241 ellet
327 2179 419 2263 pulsus
444 2181 633 2254 Tarentum,
662 2185 807 2260 interjedlo
840 2205 916 2242 anno

237 2282 332 2323 contra
354 2262 492 2344 Pyrrhum
512 2265 654 2324 Fabricius
675 2259 769 2324 millus
787 2261 846 2335 est,
865 2267 916 2344 qui

236 2343 311 2422 prids
337 2345 409 2404 inter
433 2345 542 2427 legatos
563 2343 708 2404 sollicitari
727 2367 795 2404 non·
808 2363 917 2426 poterat

237 2424 337 2505 quarti
356 2447 383 2485 re
406 2429 435 2484 ni
456 2445 532 2506 parte
552 2423 695 2505 promissi.
720 2425 797 2486 Cum
822 2428 918 2488 vicina

237 2503 323 2565 castra
348 2446 433 2585 ipll,
463 2515 490 2565 ὅ(
514 2505 575 2566 Rex
600 2503 765 2576 haberent,
791 2505 917 2568 medicus

237 2583 338 2664 Pyrrhi
355 2589 437 2646 nocie
455 2585 491 2646 ad
509 2609 573 2646 eum
591 2589 687 2659 venit,
706 2589 871 2668 promittens
888 2585 918 2648 se

238 2663 375 2746 Pyrrhum
390 2689 500 2728 veneno
517 2666 695 2738 occisurum,
717 2671 740 2729 si
756 2670 810 2728 sibi
827 2668 915 2749 quid-

240 2769 325 2828 quam
348 2749 549 2828 pollicitaretur
560 2773 570 2820 3
589 2771 673 2830 quem
685 2751 826 2810 Fabricius
839 2752 920 2810 vinc-

240 2848 299 2887 tum
321 2829 415 2915 reduci
440 2832 518 2910 jussit
540 2830 575 2892 ad
596 2831 770 2900 dominum,
791 2828 920 2912 Pyrrho-
