2142 3664
270 348 337 400 oa
366 333 705 404 CAEsAnrsus.
759 351 823 422 235

146 447 346 524 Flaminiam,
376 471 467 532 prono
492 447 665 533 transgressu.
691 449 764 527 Quae
786 467 831 512 tot

147 549 279 614 tantaque
300 534 379 594 brevi
404 530 557 604 confesta,
580 535 692 592 inradiis
715 531 830 590 cultori-

147 612 221 684 bus,
247 614 422 694 prudentiam
448 616 539 696 magis
567 611 653 694 quim
681 613 830 673 avaritiam

146 694 329 775 probavere3
360 696 443 755 simul
476 692 559 754 censu
593 715 671 753 more
702 712 829 754 veterum

147 773 295 846 exercito,
320 777 426 837 Senatu
448 795 541 836 motus
564 776 724 854 probrosior
746 773 828 856 quis-

147 859 234 938 quis3
262 877 318 928 ac,
347 856 427 917 ledis
448 856 570 937 undique
595 857 710 936 optimis
738 858 829 928 viris,

147 938 226 996 mille
255 957 351 1020 gentes
382 940 574 1017 compositae,
602 935 666 996 crim
697 935 829 998 ducentas

147 1019 293 1102 aegerrime
310 1014 470 1098 reperisset,
495 1015 634 1077 exstinelis
654 1015 759 1077 saevitilt
771 1016 831 1098 Ty·

146 1120 299 1160 rannorum
317 1097 464 1193 plerisque.
483 1100 526 1159 Ac
547 1098 623 1158 bello
646 1119 693 1156 rer
711 1095 831 1158 Partho-

147 1201 210 1240 rum
229 1178 391 1263 Vologesus
412 1202 441 1239 rn
466 1201 564 1260 pacem
589 1182 723 1249 condius,
746 1198 831 1260 atque

122 1262 178 1338 ,in
202 1263 376 1342 provinciam
401 1262 503 1343 Syria,
530 1262 575 1320 tui
598 1258 750 1320 Palaestinae
771 1283 829 1320 no·

147 1363 235 1415 men,
250 1343 393 1425 Judaeique
409 1343 552 1404 adnitente
567 1339 627 1401 filio
636 1341 707 1402 Tito
716 1387 726 1415 ,
744 1363 829 1424 quern

147 1424 352 1519 transgrediens
369 1427 399 1484 in
417 1425 529 1484 ltaliam
548 1423 696 1505 reliquerat
714 1443 831 1486 externae

147 1507 256 1566 militrae
270 1533 279 1578 3
295 1525 419 1588 moxque
431 1507 569 1565 vidiorem
582 1503 747 1566 Praefeetnre
760 1505 832 1565 Prae·

147 1589 224 1646 torio
242 1589 385 1648 extulerat.
408 1586 494 1646 Unde
509 1588 595 1646 etiam
612 1583 704 1646 honos
722 1588 766 1656 is,
789 1588 831 1646 in·
890 1618 911 1633 κ

149 1687 219 1750 gens
245 1665 262 1726 ‘a
284 1667 447 1746 principio,
474 1666 633 1736 tumidior,
657 1685 686 1726 at
707 1687 741 1725 ue
763 1667 832 1728 alter

150 1747 186 1806 ab
204 1746 332 1832 Augusto
349 1748 471 1827 imperio
487 1746 549 1807 fuit.
566 1687 710 1807 Verrlml

149 1827 253 1910 pestate
278 1829 346 1890 dum
371 1826 512 1889 honorum
532 1827 661 1888 honestas
683 1827 830 1910 despedia·

150 1929 214 1984 tur,
234 1909 363 1994 mistique
384 1909 467 1971 bonis
484 1909 617 1980 indoui,
639 1931 672 1970 ac
689 1910 833 1991 prudenti-

57 2025 59 2030 ·
149 1991 201 2054 bus
224 1995 324 2054 inertes
348 1991 435 2064 sunt,
460 1990 549 2052 fecere
573 2013 680 2052 nornen
707 1994 832 2074 plerique

147 2074 273 2154 potentii
285 2096 406 2135 vacuum
418 2071 542 2133 insolens
554 2095 602 2154 per
614 2075 729 2151 injurias
741 2119 750 2144 ,
766 2071 832 2134 sub-

147 2157 393 2237 jectumpessimo
413 2156 537 2235 cuique,
556 2163 584 2214 &
600 2175 720 2214 annonae
740 2151 832 2234 specie

149 2257 244 2317 rapax.

189 2316 228 2378 X.
253 2313 395 2378 Cartenlm
419 2313 535 2385 Titus,
559 2312 707 2395 postquam
731 2312 830 2396 Impe-

149 2399 221 2458 rium
235 2397 351 2478 adeptus
364 2395 427 2468 est,
448 2395 611 2456 incredibile
630 2399 641 2474 [
655 2393 716 2472 est]
740 2417 832 2478 quan-

149 2498 234 2551 tum,
260 2501 344 2562 quem
366 2478 554 2548 imitabatur,
579 2479 731 2549 anteierit,
758 2499 831 2558 pra-

150 2557 244 2619 sertim
260 2561 377 2633 litteris,
393 2557 595 2641 clementiaque
611 2581 644 2620 ac
659 2560 831 2620 muneribus.

149 2639 225 2704 Deni
249 2661 282 2700 ue
301 2642 365 2700 crim
386 2638 510 2702 concella
530 2662 579 2721 per
594 2644 697 2722 priores
715 2641 830 2702 Princi-

149 2742 197 2803 pes
224 2662 329 2782 lirmati
356 2711 392 2782 ab
415 2720 624 2804 insequentibus
651 2743 714 2782 mos
741 2719 831 2792 effert

150 2804 235 2866 simul
248 2803 402 2884 Imperium
422 2805 519 2883 cepit,
544 2805 612 2862 talia
626 2802 831 2883 possidentibus

150 2884 243 2948 edicto
261 2883 360 2968 sponte
382 2885 477 2956 cavit,
500 2882 704 2967 prospexitque.
728 2883 832 2968 Neque

712 1769 744 1806 ac
761 1766 832 1807 tem·
909 1816 911 1822 ἲ
