2060 3662
362 321 547 391 Lissa
595 322 627 391 Ι.
791 345 833 415 ¹5

138 441 220 502 ‚edm
242 457 327 526 gener
342 439 516 522 Tarquinii,
535 439 572 501 ad
590 441 723 520 injuriam
743 438 840 503 soceri

157 522 380 592 vindicandam,
399 525 544 605 ingentem
564 519 717 606 collegisset
737 529 840 584 exerci-

157 623 245 675 tum,
272 626 349 665 nova
376 603 477 664 Romae
504 603 626 686 dignitas
656 601 695 662 est
722 625 840 678 creata,

180 707 220 745 uae
246 687 394 746 Distatura
425 685 602 765 appellatur,
631 689 724 764 major
752 687 840 768 quam

158 707 342 828 Consulatus.
366 765 484 826 Eodem·
498 789 575 825 anno
597 767 683 825 etiam
703 766 841 851 Magister

158 845 298 928 Equitum
319 847 408 908 fassus
434 845 495 918 est,
520 849 570 928 qui
591 847 733 907 Distatori
754 847 841 908 obse'-

159 948 297 1008 queretur.
317 929 420 1008 Neque
436 927 592 1009 quidquam
611 929 730 988 similius
752 927 842 1009 potest
924 998 927 1002 ,

160 1009 242 1082 dici,
265 1007 351 1091 qulam
369 1009 517 1070 Distatura
540 1011 680 1090 antiqua,
702 1007 768 1068 huic
788 1013 842 1070 im·

161 1092 231 1172 perii
256 1089 408 1172 potestati,
433 1111 520 1172 quam
542 1109 617 1150 nunc
637 1090 844 1172 Tranquillitas

160 1171 249 1233 vestra
263 1171 349 1234 habet
366 1195 373 1230 :
392 1172 516 1232 maxims
534 1170 597 1231 etim
609 1169 750 1255 Augustus
767 1193 843 1254 quo-

161 1275 217 1336 que
234 1254 430 1324 Odavimns,
451 1253 485 1312 de
503 1275 561 1334 quo
581 1251 677 1334 postea
694 1253 842 1326 dicemus,

162 1345 190 1396 δι
203 1354 267 1396 ante
281 1338 345 1396 eum
359 1383 370 1406 ,
385 1335 475 1395 Caius
490 1332 586 1396 Caesar
599 1380 610 1404 ,
625 1332 676 1393 sub
690 1334 845 1396 Distaturat

161 1419 279 1478 nomine
299 1436 382 1500 atque
403 1413 512 1476 honore
531 1417 718 1500 regnaverint.
740 1415 844 1476 Disla'·

163 1517 208 1558 tor
232 1519 327 1558 autem
357 1497 457 1558 Roma
481 1499 598 1576 primus,
613 1495 667 1556 suit
696 1498 809 1556 Larcius
835 1521 843 1554 ε

163 1579 217 1640 Ma
239 1577 301 1637 ister
312 1579 450 1658 Equitum
463 1579 582 1656 primus,
594 1578 707 1658 Spurius
718 1577 845 1640 Cassius,

207 1599 317 1720 >llll
339 1659 425 1720 Sexto
451 1657 562 1718 decimo
584 1680 661 1718 anno
684 1657 745 1738 post
766 1679 847 1754 reges

167 1744 301 1812 exaslos,
321 1737 488 1800 seditionem
505 1739 623 1820 populus
638 1739 738 1799 Roma
756 1737 846 1812 fecit,

166 1842 304 1904 tanquam
322 1819 339 1880 ὲ
355 1821 461 1881 Senatu
482 1840 565 1902 atque
586 1818 759 1881 Consulibus
778 1841 845 1902 pre»

165 1923 295 1964 meretur.
308 1901 386 1962 Ttim
400 1913 428 1964 δι
441 1900 499 1982 ipse
511 1903 566 1963 sibi
579 1902 723 1962 Tribunos
733 1902 846 1974 Plebis,

166 1988 248 2066 quasi
265 1985 390 2066 proprios
405 1983 510 2056 iudices
526 1993 553 2044 δι
572 1981 754 2054 defensores,
774 2003 857 2042 trea-¹

158 2069 230 2139 ,vit3
254 2087 301 2147 per
313 2087 385 2148 quos
404 2083 501 2126 contra
513 2065 649 2127 Senatum
667 2071 695 2124 &
704 2062 848 2125 Consules

164 2167 240 2208 tutus
258 2145 310 2208 else
329 2143 424 2228 posset.

209 2228 305 2292 xlv.
322 2229 461 2309 'Sequenti
474 2249 552 2288 anno
563 2223 666 2288 Volsci
680 2245 777 2287 contra
790 2226 850 2286 Ro-

167 2331 269 2371 manos
285 2309 390 2370 bellum
403 2328 622 2390 reparaverunt,
639 2317 667 2368 δι
679 2309 748 2368 tissi
767 2311 847 2380 acie,

166 2395 254 2453 etiam
269 2391 405 2454 Coriolos
417 2393 582 2462 civitatem,
602 2409 690 2471 quam
704 2387 849 2450 habebant

168 2476 334 2555 optimam,
357 2473 543 2553 perdiderunt.

209 2555 286 2616 XV.
308 2554 556 2616 ossam-decimo
572 2575 648 2614 anno
668 2550 730 2633 post
746 2556 850 2632 ejes'tos

169 2657 249 2718 reges
268 2633 395 2716 expulsus
409 2658 442 2696 er
454 2636 535 2698 Urbe
551 2635 686 2711 Quintius
700 2635 848 2704 Marcius,

171 2718 228 2778 dux
246 2717 467 2788 Romanorum,
488 2719 539 2798 qui
557 2716 693 2777 Coriolos
716 2732 851 2793 cepnae,

170 2796 345 2860 Volscorum
371 2801 538 2870 civitatem,
565 2797 602 2860 ad
621 2795 703 2878 ipsos
727 2793 852 2856 Volscos

174 2881 319 2944 contendit
329 2884 433 2957 iratust
445 2890 472 2944 δι
482 2880 586 2944 auxilia
597 2899 693 2941 corsua
702 2877 853 2939 Romanos
