<?xml version="1.0" encoding="UTF-8"?>
<!DOCTYPE html PUBLIC "-//W3C//DTD XHTML 1.0 Transitional//EN"
    "http://www.w3.org/TR/xhtml1/DTD/xhtml1-transitional.dtd">
<html xmlns="http://www.w3.org/1999/xhtml" xml:lang="en" lang="en">
 <head>
  <title>
</title>
<meta http-equiv="Content-Type" content="text/html;charset=utf-8" />
  <meta name='ocr-system' content='tesseract 3.04.00' />
  <meta name='ocr-capabilities' content='ocr_page ocr_carea ocr_par ocr_line ocrx_word'/>
</head>
<body>
  <div class='ocr_page' id='page_1' title='image "./eutropiisextaur00victgoog_0226.png"; bbox 0 0 2142 3664; ppageno 0'>
   <div class='ocr_carea' id='block_1_1' title="bbox 10 1 46 182">
    <p class='ocr_par' dir='ltr' id='par_1_1' title="bbox 10 1 46 182">
     <span class='ocr_line' id='line_1_1' title="bbox 10 1 46 182; baseline 0 -178"><span class='ocrx_word' id='word_1_1' title='bbox 10 1 46 182; x_wconf 30' lang='lat' dir='ltr'>t,</span> 
     </span>
    </p>
   </div>
   <div class='ocr_carea' id='block_1_2' title="bbox 189 282 795 374">
    <p class='ocr_par' dir='ltr' id='par_1_2' title="bbox 189 282 795 374">
     <span class='ocr_line' id='line_1_2' title="bbox 189 282 795 374; baseline 0.003 -22"><span class='ocrx_word' id='word_1_2' title='bbox 189 299 246 352; x_wconf 78' lang='lat' dir='ltr'>ns</span> <span class='ocrx_word' id='word_1_3' title='bbox 268 282 388 355; x_wconf 73' lang='lat' dir='ltr'>Virus</span> <span class='ocrx_word' id='word_1_4' title='bbox 409 299 698 356; x_wconf 75' lang='lat' dir='ltr'>ratusrarnus.</span> <span class='ocrx_word' id='word_1_5' title='bbox 728 310 795 374; x_wconf 86' lang='lat'>219</span> 
     </span>
    </p>
   </div>
   <div class='ocr_carea' id='block_1_3' title="bbox 114 402 832 792">
    <p class='ocr_par' dir='ltr' id='par_1_3' title="bbox 114 402 832 792">
     <span class='ocr_line' id='line_1_3' title="bbox 114 402 797 487; baseline 0.003 -21"><span class='ocrx_word' id='word_1_6' title='bbox 114 403 214 466; x_wconf 79' lang='lat' dir='ltr'>Romae</span> <span class='ocrx_word' id='word_1_7' title='bbox 238 407 268 464; x_wconf 91' lang='lat' dir='ltr'>in</span> <span class='ocrx_word' id='word_1_8' title='bbox 290 402 405 466; x_wconf 90' lang='lat' dir='ltr'>Carinis</span> <span class='ocrx_word' id='word_1_9' title='bbox 432 402 552 466; x_wconf 89' lang='lat' dir='ltr'>domum</span> <span class='ocrx_word' id='word_1_10' title='bbox 575 411 634 487; x_wconf 88' lang='lat' dir='ltr'>ejus</span> <span class='ocrx_word' id='word_1_11' title='bbox 654 406 797 468; x_wconf 84' lang='lat' dir='ltr'>Antonius</span> 
     </span>
     <span class='ocr_line' id='line_1_4' title="bbox 115 483 797 567; baseline 0.004 -21"><span class='ocrx_word' id='word_1_12' title='bbox 115 487 235 547; x_wconf 87' lang='lat' dir='ltr'>tenebat.</span> <span class='ocrx_word' id='word_1_13' title='bbox 248 487 344 567; x_wconf 88' lang='lat' dir='ltr'>Rupto</span> <span class='ocrx_word' id='word_1_14' title='bbox 360 507 408 566; x_wconf 90' lang='lat' dir='ltr'>per</span> <span class='ocrx_word' id='word_1_15' title='bbox 424 483 555 547; x_wconf 87' lang='lat' dir='ltr'>eumdem</span> <span class='ocrx_word' id='word_1_16' title='bbox 568 489 727 548; x_wconf 85' lang='lat' dir='ltr'>Antonium</span> <span class='ocrx_word' id='word_1_17' title='bbox 744 488 797 549; x_wconf 72' lang='lat' dir='ltr'>foz-</span> 
     </span>
     <span class='ocr_line' id='line_1_5' title="bbox 116 566 797 654; baseline 0.004 -26"><span class='ocrx_word' id='word_1_18' title='bbox 116 568 198 640; x_wconf 80' lang='lat' dir='ltr'>dere,</span> <span class='ocrx_word' id='word_1_19' title='bbox 226 569 325 629; x_wconf 85' lang='lat' dir='ltr'>Sextus</span> <span class='ocrx_word' id='word_1_20' title='bbox 351 568 388 627; x_wconf 88' lang='lat' dir='ltr'>ab</span> <span class='ocrx_word' id='word_1_21' title='bbox 412 566 540 651; x_wconf 84' lang='lat' dir='ltr'>Augusto</span> <span class='ocrx_word' id='word_1_22' title='bbox 568 591 616 650; x_wconf 89' lang='lat' dir='ltr'>per</span> <span class='ocrx_word' id='word_1_23' title='bbox 636 571 797 654; x_wconf 79' lang='lat' dir='ltr'>Agrippam</span> 
     </span>
     <span class='ocr_line' id='line_1_6' title="bbox 115 649 832 731; baseline 0.003 -21"><span class='ocrx_word' id='word_1_24' title='bbox 115 651 208 710; x_wconf 88' lang='lat' dir='ltr'>navali</span> <span class='ocrx_word' id='word_1_25' title='bbox 227 650 323 731; x_wconf 82' lang='lat' dir='ltr'>praelio</span> <span class='ocrx_word' id='word_1_26' title='bbox 344 649 434 709; x_wconf 66' lang='lat' dir='ltr'>vibius</span> <span class='ocrx_word' id='word_1_27' title='bbox 455 651 486 708; x_wconf 90' lang='lat' dir='ltr'>in</span> <span class='ocrx_word' id='word_1_28' title='bbox 506 649 606 710; x_wconf 85' lang='lat' dir='ltr'>Asiam</span> <span class='ocrx_word' id='word_1_29' title='bbox 625 649 656 710; x_wconf 88' lang='lat' dir='ltr'>fu</span> <span class='ocrx_word' id='word_1_30' title='bbox 678 655 724 724; x_wconf 92' lang='lat' dir='ltr'>it,</span> <span class='ocrx_word' id='word_1_31' title='bbox 747 651 798 712; x_wconf 90' lang='lat' dir='ltr'>ubi</span> <span class='ocrx_word' id='word_1_32' title='bbox 830 708 832 712; x_wconf 89' lang='lat'><em>.</em></span> 
     </span>
     <span class='ocr_line' id='line_1_7' title="bbox 116 673 681 792; baseline -0.002 0"><span class='ocrx_word' id='word_1_33' title='bbox 116 731 152 792; x_wconf 86' lang='lat' dir='ltr'>ab</span> <span class='ocrx_word' id='word_1_34' title='bbox 165 730 337 792; x_wconf 88' lang='lat' dir='ltr'>Antonianis</span> <span class='ocrx_word' id='word_1_35' title='bbox 352 729 490 790; x_wconf 81' lang='lat' dir='ltr'>militibus</span> <span class='ocrx_word' id='word_1_36' title='bbox 507 728 615 790; x_wconf 90' lang='lat' dir='ltr'>occisus</span> <span class='ocrx_word' id='word_1_37' title='bbox 634 673 681 792; x_wconf 49' lang='grc' dir='ltr'>εξ.</span> 
     </span>
    </p>
   </div>
   <div class='ocr_carea' id='block_1_4' title="bbox 155 809 797 874">
    <p class='ocr_par' dir='ltr' id='par_1_4' title="bbox 155 809 797 874">
     <span class='ocr_line' id='line_1_8' title="bbox 155 809 797 874; baseline 0.003 -2"><span class='ocrx_word' id='word_1_38' title='bbox 155 809 329 872; x_wconf 88' lang='lat' dir='ltr'><strong>LXXXV.</strong></span> <span class='ocrx_word' id='word_1_39' title='bbox 351 809 467 869; x_wconf 86' lang='lat' dir='ltr'>Marcus</span> <span class='ocrx_word' id='word_1_40' title='bbox 488 810 629 870; x_wconf 88' lang='lat' dir='ltr'>Antonius</span> <span class='ocrx_word' id='word_1_41' title='bbox 649 815 679 874; x_wconf 90' lang='lat' dir='ltr'>in</span> <span class='ocrx_word' id='word_1_42' title='bbox 697 815 797 874; x_wconf 89' lang='lat' dir='ltr'>omni-</span> 
     </span>
    </p>
   </div>
   <div class='ocr_carea' id='block_1_5' title="bbox 117 889 798 972">
    <p class='ocr_par' dir='ltr' id='par_1_5' title="bbox 117 889 798 972">
     <span class='ocr_line' id='line_1_9' title="bbox 117 889 798 972; baseline 0 -19"><span class='ocrx_word' id='word_1_43' title='bbox 117 893 167 953; x_wconf 90' lang='lat' dir='ltr'>bus</span> <span class='ocrx_word' id='word_1_44' title='bbox 192 889 417 972; x_wconf 85' lang='lat' dir='ltr'>expeditionibus</span> <span class='ocrx_word' id='word_1_45' title='bbox 443 890 520 966; x_wconf 79' lang='lat' dir='ltr'>lulio</span> <span class='ocrx_word' id='word_1_46' title='bbox 543 889 651 952; x_wconf 84' lang='lat' dir='ltr'>Caesari</span> <span class='ocrx_word' id='word_1_47' title='bbox 678 914 798 964; x_wconf 89' lang='lat' dir='ltr'>comes,</span> 
     </span>
    </p>
   </div>
   <div class='ocr_carea' id='block_1_6' title="bbox 83 969 802 1126">
    <p class='ocr_par' dir='ltr' id='par_1_6' title="bbox 83 969 802 1126">
     <span class='ocr_line' id='line_1_10' title="bbox 93 969 799 1054; baseline 0.001 -22"><span class='ocrx_word' id='word_1_48' title='bbox 93 1025 96 1032; x_wconf 94' lang='grc'><em>,</em></span> <span class='ocrx_word' id='word_1_49' title='bbox 117 972 316 1054; x_wconf 84' lang='lat' dir='ltr'>Lupercalibus</span> <span class='ocrx_word' id='word_1_50' title='bbox 338 969 469 1030; x_wconf 86' lang='lat' dir='ltr'>diadema</span> <span class='ocrx_word' id='word_1_51' title='bbox 488 974 514 1030; x_wconf 88' lang='lat' dir='ltr'>ei</span> <span class='ocrx_word' id='word_1_52' title='bbox 534 973 679 1052; x_wconf 82' lang='lat' dir='ltr'>imponere</span> <span class='ocrx_word' id='word_1_53' title='bbox 703 992 799 1034; x_wconf 85' lang='lat' dir='ltr'>tenta-</span> 
     </span>
     <span class='ocr_line' id='line_1_11' title="bbox 83 1048 802 1126; baseline 0.001 -12"><span class='ocrx_word' id='word_1_54' title='bbox 83 1111 86 1119; x_wconf 92' lang='grc'>,</span> <span class='ocrx_word' id='word_1_55' title='bbox 118 1058 178 1126; x_wconf 86' lang='lat' dir='ltr'>vit,</span> <span class='ocrx_word' id='word_1_56' title='bbox 197 1072 309 1112; x_wconf 90' lang='lat' dir='ltr'>mortuo</span> <span class='ocrx_word' id='word_1_57' title='bbox 322 1048 433 1111; x_wconf 89' lang='lat' dir='ltr'>divinos</span> <span class='ocrx_word' id='word_1_58' title='bbox 451 1049 575 1112; x_wconf 90' lang='lat' dir='ltr'>honores</span> <span class='ocrx_word' id='word_1_59' title='bbox 596 1053 728 1114; x_wconf 87' lang='lat' dir='ltr'>decrevit.</span> <span class='ocrx_word' id='word_1_60' title='bbox 742 1056 802 1115; x_wconf 87' lang='lat' dir='ltr'>Au-</span> 
     </span>
    </p>
   </div>
   <div class='ocr_carea' id='block_1_7' title="bbox 118 1129 804 1700">
    <p class='ocr_par' dir='ltr' id='par_1_7' title="bbox 118 1129 804 1700">
     <span class='ocr_line' id='line_1_12' title="bbox 140 1129 801 1217; baseline 0.003 -22"><span class='ocrx_word' id='word_1_61' title='bbox 140 1132 231 1195; x_wconf 87' lang='lat' dir='ltr'>ustum</span> <span class='ocrx_word' id='word_1_62' title='bbox 254 1129 402 1214; x_wconf 73' lang='lat' dir='ltr'>perfidiose</span> <span class='ocrx_word' id='word_1_63' title='bbox 423 1135 579 1204; x_wconf 75' lang='lat' dir='ltr'>tradiavit,</span> <span class='ocrx_word' id='word_1_64' title='bbox 604 1131 621 1194; x_wconf 66' lang='lat' dir='ltr'>*a</span> <span class='ocrx_word' id='word_1_65' title='bbox 643 1155 701 1217; x_wconf 89' lang='lat' dir='ltr'>quo</span> <span class='ocrx_word' id='word_1_66' title='bbox 725 1135 801 1216; x_wconf 85' lang='lat' dir='ltr'>apud</span> 
     </span>
     <span class='ocr_line' id='line_1_13' title="bbox 118 1155 803 1289; baseline -0.001 -12"><span class='ocrx_word' id='word_1_67' title='bbox 118 1155 264 1278; x_wconf 68' lang='lat' dir='ltr'>Xlutinam</span> <span class='ocrx_word' id='word_1_68' title='bbox 286 1217 400 1284; x_wconf 69' lang='lat' dir='ltr'>vilius,</span> <span class='ocrx_word' id='word_1_69' title='bbox 419 1212 527 1275; x_wconf 85' lang='lat' dir='ltr'>Perusii</span> <span class='ocrx_word' id='word_1_70' title='bbox 553 1211 630 1276; x_wconf 85' lang='lat' dir='ltr'>fame</span> <span class='ocrx_word' id='word_1_71' title='bbox 653 1216 803 1289; x_wconf 88' lang='lat' dir='ltr'>domitus,</span> 
     </span>
     <span class='ocr_line' id='line_1_14' title="bbox 119 1293 800 1378; baseline -0.004 -19"><span class='ocrx_word' id='word_1_72' title='bbox 119 1299 150 1358; x_wconf 89' lang='lat' dir='ltr'>in</span> <span class='ocrx_word' id='word_1_73' title='bbox 168 1297 294 1359; x_wconf 89' lang='lat' dir='ltr'>Galliam</span> <span class='ocrx_word' id='word_1_74' title='bbox 315 1293 396 1378; x_wconf 84' lang='lat' dir='ltr'>fugit.</span> <span class='ocrx_word' id='word_1_75' title='bbox 414 1295 460 1354; x_wconf 92' lang='lat' dir='ltr'>Ibi</span> <span class='ocrx_word' id='word_1_76' title='bbox 478 1294 617 1376; x_wconf 89' lang='lat' dir='ltr'>Lepidum</span> <span class='ocrx_word' id='word_1_77' title='bbox 637 1298 691 1358; x_wconf 91' lang='lat' dir='ltr'>sibi</span> <span class='ocrx_word' id='word_1_78' title='bbox 710 1298 800 1357; x_wconf 91' lang='lat' dir='ltr'>colle-</span> 
     </span>
     <span class='ocr_line' id='line_1_15' title="bbox 120 1377 800 1463; baseline 0 -25"><span class='ocrx_word' id='word_1_79' title='bbox 120 1399 188 1463; x_wconf 80' lang='lat' dir='ltr'>gam</span> <span class='ocrx_word' id='word_1_80' title='bbox 208 1377 343 1458; x_wconf 85' lang='lat' dir='ltr'>adjunxit.</span> <span class='ocrx_word' id='word_1_81' title='bbox 359 1377 476 1436; x_wconf 83' lang='lat' dir='ltr'>Brutum</span> <span class='ocrx_word' id='word_1_82' title='bbox 493 1423 504 1447; x_wconf 90' lang='lat'>‚</span> <span class='ocrx_word' id='word_1_83' title='bbox 524 1380 646 1438; x_wconf 84' lang='lat' dir='ltr'>exercitu</span> <span class='ocrx_word' id='word_1_84' title='bbox 660 1382 718 1460; x_wconf 88' lang='lat' dir='ltr'>ejus</span> <span class='ocrx_word' id='word_1_85' title='bbox 733 1401 800 1439; x_wconf 89' lang='lat' dir='ltr'>cot-</span> 
     </span>
     <span class='ocr_line' id='line_1_16' title="bbox 119 1457 803 1541; baseline 0.003 -22"><span class='ocrx_word' id='word_1_86' title='bbox 119 1479 225 1541; x_wconf 89' lang='lat' dir='ltr'>rupto,</span> <span class='ocrx_word' id='word_1_87' title='bbox 246 1457 359 1518; x_wconf 91' lang='lat' dir='ltr'>occidit.</span> <span class='ocrx_word' id='word_1_88' title='bbox 384 1457 426 1516; x_wconf 87' lang='lat' dir='ltr'>Re</span> <span class='ocrx_word' id='word_1_89' title='bbox 447 1459 529 1518; x_wconf 87' lang='lat' dir='ltr'>aratis</span> <span class='ocrx_word' id='word_1_90' title='bbox 552 1460 658 1519; x_wconf 88' lang='lat' dir='ltr'>viribus</span> <span class='ocrx_word' id='word_1_91' title='bbox 688 1461 803 1522; x_wconf 86' lang='lat' dir='ltr'>Italiam</span> 
     </span>
     <span class='ocr_line' id='line_1_17' title="bbox 121 1479 802 1624; baseline 0.003 -25"><span class='ocrx_word' id='word_1_92' title='bbox 121 1537 254 1624; x_wconf 81' lang='lat' dir='ltr'>regressus</span> <span class='ocrx_word' id='word_1_93' title='bbox 285 1560 349 1598; x_wconf 92' lang='lat' dir='ltr'>cum</span> <span class='ocrx_word' id='word_1_94' title='bbox 378 1479 484 1600; x_wconf 72' lang='lat' dir='ltr'>Celare</span> <span class='ocrx_word' id='word_1_95' title='bbox 510 1541 540 1598; x_wconf 93' lang='lat' dir='ltr'>in</span> <span class='ocrx_word' id='word_1_96' title='bbox 566 1543 689 1622; x_wconf 81' lang='lat' dir='ltr'>gratiam</span> <span class='ocrx_word' id='word_1_97' title='bbox 711 1541 802 1602; x_wconf 87' lang='lat' dir='ltr'>rediit.</span> 
     </span>
     <span class='ocr_line' id='line_1_18' title="bbox 120 1617 804 1700; baseline 0 -19"><span class='ocrx_word' id='word_1_98' title='bbox 120 1620 268 1683; x_wconf 84' lang='lat' dir='ltr'>Triumvir</span> <span class='ocrx_word' id='word_1_99' title='bbox 292 1619 382 1681; x_wconf 72' lang='lat' dir='ltr'>ladius</span> <span class='ocrx_word' id='word_1_100' title='bbox 409 1617 643 1700; x_wconf 89' lang='lat' dir='ltr'>proscriptionem</span> <span class='ocrx_word' id='word_1_101' title='bbox 670 1619 687 1680; x_wconf 66' lang='lat' dir='ltr'>*a</span> <span class='ocrx_word' id='word_1_102' title='bbox 712 1622 804 1681; x_wconf 92' lang='lat' dir='ltr'>Lucio</span> 
     </span>
    </p>
   </div>
   <div class='ocr_carea' id='block_1_8' title="bbox 123 1698 916 1864">
    <p class='ocr_par' dir='ltr' id='par_1_8' title="bbox 123 1698 916 1864">
     <span class='ocr_line' id='line_1_19' title="bbox 123 1698 916 1783; baseline -0.001 -20"><span class='ocrx_word' id='word_1_103' title='bbox 123 1701 235 1764; x_wconf 82' lang='lat' dir='ltr'>Caesare</span> <span class='ocrx_word' id='word_1_104' title='bbox 259 1701 398 1762; x_wconf 86' lang='lat' dir='ltr'>avunculo</span> <span class='ocrx_word' id='word_1_105' title='bbox 426 1698 477 1760; x_wconf 89' lang='lat' dir='ltr'>suo</span> <span class='ocrx_word' id='word_1_106' title='bbox 505 1703 599 1781; x_wconf 73' lang='lat' dir='ltr'>coepit.</span> <span class='ocrx_word' id='word_1_107' title='bbox 626 1701 660 1762; x_wconf 90' lang='lat' dir='ltr'>In</span> <span class='ocrx_word' id='word_1_108' title='bbox 690 1701 805 1783; x_wconf 86' lang='lat' dir='ltr'>Syriam</span> <span class='ocrx_word' id='word_1_109' title='bbox 914 1743 916 1748; x_wconf 92' lang='lat'>-</span> 
     </span>
     <span class='ocr_line' id='line_1_20' title="bbox 124 1778 897 1864; baseline -0.006 -20"><span class='ocrx_word' id='word_1_110' title='bbox 124 1780 218 1844; x_wconf 79' lang='lat' dir='ltr'>millus</span> <span class='ocrx_word' id='word_1_111' title='bbox 243 1783 348 1843; x_wconf 88' lang='lat' dir='ltr'>bellum</span> <span class='ocrx_word' id='word_1_112' title='bbox 376 1779 488 1854; x_wconf 84' lang='lat' dir='ltr'>Parthis¹</span> <span class='ocrx_word' id='word_1_113' title='bbox 515 1782 637 1855; x_wconf 90' lang='lat' dir='ltr'>intulit,</span> <span class='ocrx_word' id='word_1_114' title='bbox 664 1778 806 1864; x_wconf 69' lang='lat' dir='ltr'>liquibus</span> <span class='ocrx_word' id='word_1_115' title='bbox 895 1833 897 1839; x_wconf 72' lang='grc'><strong>,</strong></span> 
     </span>
    </p>
   </div>
   <div class='ocr_carea' id='block_1_9' title="bbox 123 1862 805 2030">
    <p class='ocr_par' dir='ltr' id='par_1_9' title="bbox 123 1862 805 2030">
     <span class='ocr_line' id='line_1_21' title="bbox 123 1862 805 1945; baseline -0.003 -19"><span class='ocrx_word' id='word_1_116' title='bbox 123 1867 234 1937; x_wconf 69' lang='lat' dir='ltr'>vidus,</span> <span class='ocrx_word' id='word_1_117' title='bbox 253 1867 301 1926; x_wconf 84' lang='lat' dir='ltr'>vix</span> <span class='ocrx_word' id='word_1_118' title='bbox 322 1865 433 1926; x_wconf 84' lang='lat' dir='ltr'>tertiam</span> <span class='ocrx_word' id='word_1_119' title='bbox 458 1880 565 1944; x_wconf 86' lang='lat' dir='ltr'>partem</span> <span class='ocrx_word' id='word_1_120' title='bbox 585 1862 620 1922; x_wconf 94' lang='lat' dir='ltr'>de</span> <span class='ocrx_word' id='word_1_121' title='bbox 641 1863 805 1945; x_wconf 87' lang='lat' dir='ltr'>quindecim</span> 
     </span>
     <span class='ocr_line' id='line_1_22' title="bbox 124 1943 805 2030; baseline -0.003 -24"><span class='ocrx_word' id='word_1_122' title='bbox 124 1947 283 2030; x_wconf 86' lang='lat' dir='ltr'>legionibus</span> <span class='ocrx_word' id='word_1_123' title='bbox 293 1948 323 2005; x_wconf 91' lang='lat' dir='ltr'>in</span> <span class='ocrx_word' id='word_1_124' title='bbox 331 1945 493 2028; x_wconf 85' lang='lat' dir='ltr'>AEgyptum</span> <span class='ocrx_word' id='word_1_125' title='bbox 505 1943 653 2025; x_wconf 82' lang='lat' dir='ltr'>perduxit3</span> <span class='ocrx_word' id='word_1_126' title='bbox 665 1944 707 2004; x_wconf 90' lang='lat' dir='ltr'>ibi</span> <span class='ocrx_word' id='word_1_127' title='bbox 717 1946 805 2007; x_wconf 87' lang='lat' dir='ltr'>Cleo·</span> 
     </span>
    </p>
   </div>
   <div class='ocr_carea' id='block_1_10' title="bbox 10 2026 805 2192">
    <p class='ocr_par' dir='ltr' id='par_1_10' title="bbox 10 2026 805 2192">
     <span class='ocr_line' id='line_1_23' title="bbox 110 2026 805 2109; baseline -0.003 -21"><span class='ocrx_word' id='word_1_128' title='bbox 110 2026 208 2109; x_wconf 45' lang='lat' dir='ltr'>&#39;pattae</span> <span class='ocrx_word' id='word_1_129' title='bbox 222 2047 317 2088; x_wconf 89' lang='lat' dir='ltr'>amore</span> <span class='ocrx_word' id='word_1_130' title='bbox 331 2027 475 2088; x_wconf 71' lang='lat' dir='ltr'>devinetus</span> <span class='ocrx_word' id='word_1_131' title='bbox 493 2027 523 2084; x_wconf 88' lang='lat' dir='ltr'>in</span> <span class='ocrx_word' id='word_1_132' title='bbox 540 2026 658 2086; x_wconf 68' lang='lat' dir='ltr'>Astiaco</span> <span class='ocrx_word' id='word_1_133' title='bbox 673 2026 753 2086; x_wconf 90' lang='lat' dir='ltr'>litore</span> <span class='ocrx_word' id='word_1_134' title='bbox 768 2027 805 2086; x_wconf 86' lang='lat' dir='ltr'>ab</span> 
     </span>
     <span class='ocr_line' id='line_1_24' title="bbox 10 2104 804 2192; baseline -0.008 -22"><span class='ocrx_word' id='word_1_135' title='bbox 10 2173 11 2192; x_wconf 26' lang='lat' dir='ltr'>p</span> <span class='ocrx_word' id='word_1_136' title='bbox 125 2107 253 2191; x_wconf 80' lang='lat' dir='ltr'>Augusto</span> <span class='ocrx_word' id='word_1_137' title='bbox 276 2110 367 2168; x_wconf 69' lang='lat' dir='ltr'>vidlus</span> <span class='ocrx_word' id='word_1_138' title='bbox 394 2106 442 2166; x_wconf 88' lang='lat' dir='ltr'>est.</span> <span class='ocrx_word' id='word_1_139' title='bbox 467 2106 501 2164; x_wconf 95' lang='lat' dir='ltr'>In</span> <span class='ocrx_word' id='word_1_140' title='bbox 528 2104 729 2166; x_wconf 80' lang='lat' dir='ltr'>Alexandriam</span> <span class='ocrx_word' id='word_1_141' title='bbox 756 2127 804 2164; x_wconf 89' lang='lat' dir='ltr'>re-</span> 
     </span>
    </p>
   </div>
   <div class='ocr_carea' id='block_1_11' title="bbox 125 2184 813 2838">
    <p class='ocr_par' dir='ltr' id='par_1_11' title="bbox 125 2184 807 2340">
     <span class='ocr_line' id='line_1_25' title="bbox 147 2184 807 2270; baseline -0.003 -22"><span class='ocrx_word' id='word_1_142' title='bbox 147 2187 249 2259; x_wconf 84' lang='lat' dir='ltr'>teilus,</span> <span class='ocrx_word' id='word_1_143' title='bbox 268 2187 332 2246; x_wconf 79' lang='lat' dir='ltr'>crim</span> <span class='ocrx_word' id='word_1_144' title='bbox 353 2185 453 2247; x_wconf 89' lang='lat' dir='ltr'>habitu</span> <span class='ocrx_word' id='word_1_145' title='bbox 474 2186 553 2266; x_wconf 87' lang='lat' dir='ltr'>tegio</span> <span class='ocrx_word' id='word_1_146' title='bbox 572 2187 603 2244; x_wconf 92' lang='lat' dir='ltr'>in</span> <span class='ocrx_word' id='word_1_147' title='bbox 626 2184 699 2246; x_wconf 91' lang='lat' dir='ltr'>solio</span> <span class='ocrx_word' id='word_1_148' title='bbox 719 2188 807 2270; x_wconf 84' lang='lat' dir='ltr'>regali</span> 
     </span>
     <span class='ocr_line' id='line_1_26' title="bbox 125 2211 614 2340; baseline -0.016 -8"><span class='ocrx_word' id='word_1_149' title='bbox 125 2211 257 2340; x_wconf 56' lang='lat' dir='ltr'>iediffet,</span> <span class='ocrx_word' id='word_1_150' title='bbox 274 2288 373 2328; x_wconf 88' lang='lat' dir='ltr'>necem</span> <span class='ocrx_word' id='word_1_151' title='bbox 394 2267 448 2326; x_wconf 90' lang='lat' dir='ltr'>sibi</span> <span class='ocrx_word' id='word_1_152' title='bbox 470 2262 614 2325; x_wconf 88' lang='lat' dir='ltr'>conscivit.</span> 
     </span>
    </p>

    <p class='ocr_par' dir='ltr' id='par_1_12' title="bbox 127 2346 813 2838">
     <span class='ocr_line' id='line_1_27' title="bbox 167 2346 810 2433; baseline -0.003 -22"><span class='ocrx_word' id='word_1_153' title='bbox 167 2349 359 2411; x_wconf 84' lang='lat' dir='ltr'><strong>LXXXVI.</strong></span> <span class='ocrx_word' id='word_1_154' title='bbox 385 2347 539 2429; x_wconf 85' lang='lat' dir='ltr'>Cleopatra</span> <span class='ocrx_word' id='word_1_155' title='bbox 566 2346 711 2408; x_wconf 81' lang='lat' dir='ltr'>Ptolemaei</span> <span class='ocrx_word' id='word_1_156' title='bbox 736 2349 810 2433; x_wconf 84' lang='lat' dir='ltr'>regis</span> 
     </span>
     <span class='ocr_line' id='line_1_28' title="bbox 127 2425 809 2512; baseline -0.006 -17"><span class='ocrx_word' id='word_1_157' title='bbox 127 2431 170 2495; x_wconf 84' lang='lat' dir='ltr'>AE</span> <span class='ocrx_word' id='word_1_158' title='bbox 211 2433 333 2512; x_wconf 82' lang='lat' dir='ltr'>priorum</span> <span class='ocrx_word' id='word_1_159' title='bbox 352 2427 431 2501; x_wconf 85' lang='lat' dir='ltr'>filia,</span> <span class='ocrx_word' id='word_1_160' title='bbox 448 2426 466 2489; x_wconf 80' lang='lat' dir='ltr'>it</span> <span class='ocrx_word' id='word_1_161' title='bbox 484 2427 567 2488; x_wconf 87' lang='lat' dir='ltr'>fratre</span> <span class='ocrx_word' id='word_1_162' title='bbox 587 2425 638 2488; x_wconf 90' lang='lat' dir='ltr'>suo</span> <span class='ocrx_word' id='word_1_163' title='bbox 655 2428 809 2491; x_wconf 83' lang='lat' dir='ltr'>Ptolemaeo</span> 
     </span>
     <span class='ocr_line' id='line_1_29' title="bbox 128 2455 810 2607; baseline -0.001 -33"><span class='ocrx_word' id='word_1_164' title='bbox 128 2455 286 2594; x_wconf 62' lang='lat' dir='ltr'>eodelmque</span> <span class='ocrx_word' id='word_1_165' title='bbox 307 2513 441 2580; x_wconf 82' lang='lat' dir='ltr'>marito,</span> <span class='ocrx_word' id='word_1_166' title='bbox 460 2530 544 2592; x_wconf 90' lang='lat' dir='ltr'>quem</span> <span class='ocrx_word' id='word_1_167' title='bbox 569 2508 697 2572; x_wconf 88' lang='lat' dir='ltr'>fraudare</span> <span class='ocrx_word' id='word_1_168' title='bbox 722 2533 810 2607; x_wconf 75' lang='lat' dir='ltr'>regno</span> 
     </span>
     <span class='ocr_line' id='line_1_30' title="bbox 127 2588 813 2673; baseline -0.006 -17"><span class='ocrx_word' id='word_1_169' title='bbox 127 2597 276 2664; x_wconf 86' lang='lat' dir='ltr'>voluerat,</span> <span class='ocrx_word' id='word_1_170' title='bbox 296 2590 396 2673; x_wconf 87' lang='lat' dir='ltr'>pulsa,</span> <span class='ocrx_word' id='word_1_171' title='bbox 416 2589 453 2650; x_wconf 89' lang='lat' dir='ltr'>ad</span> <span class='ocrx_word' id='word_1_172' title='bbox 474 2588 618 2653; x_wconf 72' lang='lat' dir='ltr'>Caesarem</span> <span class='ocrx_word' id='word_1_173' title='bbox 639 2593 716 2652; x_wconf 88' lang='lat' dir='ltr'>bello</span> <span class='ocrx_word' id='word_1_174' title='bbox 735 2594 813 2653; x_wconf 83' lang='lat' dir='ltr'>civili</span> 
     </span>
     <span class='ocr_line' id='line_1_31' title="bbox 128 2671 811 2753; baseline -0.004 -17"><span class='ocrx_word' id='word_1_175' title='bbox 128 2679 160 2736; x_wconf 90' lang='lat' dir='ltr'>in</span> <span class='ocrx_word' id='word_1_176' title='bbox 181 2673 382 2736; x_wconf 84' lang='lat' dir='ltr'>Alexandriam</span> <span class='ocrx_word' id='word_1_177' title='bbox 402 2673 505 2731; x_wconf 90' lang='lat' dir='ltr'>venit:</span> <span class='ocrx_word' id='word_1_178' title='bbox 527 2671 564 2731; x_wconf 86' lang='lat' dir='ltr'>ab</span> <span class='ocrx_word' id='word_1_179' title='bbox 588 2691 622 2731; x_wconf 86' lang='lat' dir='ltr'>eo</span> <span class='ocrx_word' id='word_1_180' title='bbox 647 2671 737 2753; x_wconf 87' lang='lat' dir='ltr'>specie</span> <span class='ocrx_word' id='word_1_181' title='bbox 761 2672 811 2734; x_wconf 74' lang='lat' dir='ltr'>suit</span> 
     </span>
     <span class='ocr_line' id='line_1_32' title="bbox 129 2751 809 2838; baseline -0.004 -21"><span class='ocrx_word' id='word_1_182' title='bbox 129 2767 158 2818; x_wconf 90' lang='lat'>&amp;</span> <span class='ocrx_word' id='word_1_183' title='bbox 173 2756 345 2826; x_wconf 88' lang='lat' dir='ltr'>concubitu,</span> <span class='ocrx_word' id='word_1_184' title='bbox 364 2773 482 2838; x_wconf 85' lang='lat' dir='ltr'>regnum</span> <span class='ocrx_word' id='word_1_185' title='bbox 501 2751 647 2812; x_wconf 82' lang='lat' dir='ltr'>Ptolemaei</span> <span class='ocrx_word' id='word_1_186' title='bbox 665 2763 693 2814; x_wconf 89' lang='lat'>&amp;</span> <span class='ocrx_word' id='word_1_187' title='bbox 710 2775 809 2814; x_wconf 88' lang='lat' dir='ltr'>necem</span> 
     </span>
    </p>
   </div>
   <div class='ocr_carea' id='block_1_12' title="bbox 129 2833 809 2994">
    <p class='ocr_par' dir='ltr' id='par_1_13' title="bbox 129 2833 809 2994">
     <span class='ocr_line' id='line_1_33' title="bbox 129 2833 809 2975; baseline -0.004 -76"><span class='ocrx_word' id='word_1_188' title='bbox 129 2839 299 2921; x_wconf 81' lang='lat' dir='ltr'>impetravit.</span> <span class='ocrx_word' id='word_1_189' title='bbox 322 2836 390 2898; x_wconf 84' lang='lat' dir='ltr'>Haec</span> <span class='ocrx_word' id='word_1_190' title='bbox 414 2852 497 2896; x_wconf 78' lang='lat' dir='ltr'>tantae</span> <span class='ocrx_word' id='word_1_191' title='bbox 520 2833 647 2975; x_wconf 62' lang='lat' dir='ltr'>lrbtdrnpp</span> <span class='ocrx_word' id='word_1_192' title='bbox 669 2833 751 2930; x_wconf 57' lang='lat' dir='ltr'>luit,</span> <span class='ocrx_word' id='word_1_193' title='bbox 779 2855 809 2896; x_wconf 89' lang='lat' dir='ltr'>ut</span> 
     </span>
     <span class='ocr_line' id='line_1_34' title="bbox 386 2935 686 2994; baseline -0.003 -42"><span class='ocrx_word' id='word_1_194' title='bbox 386 2947 388 2952; x_wconf 81' lang='grc'>,</span> <span class='ocrx_word' id='word_1_195' title='bbox 667 2935 686 2994; x_wconf 55' lang='grc' dir='ltr'><em>η</em></span> 
     </span>
    </p>
   </div>
   <div class='ocr_carea' id='block_1_13' title="bbox 0 0 1098 3664">
    <p class='ocr_par' dir='ltr' id='par_1_14' title="bbox 0 0 1098 3664">
     <span class='ocr_line' id='line_1_35' title="bbox 0 0 1098 3664; baseline 0 0"><span class='ocrx_word' id='word_1_196' title='bbox 0 0 1098 3664; x_wconf 95' lang='lat' dir='ltr'> </span> 
     </span>
    </p>
   </div>
  </div>
 </body>
</html>
