2110 3666
308 361 659 414 arraona
750 371 812 435 3m

139 464 234 548 gulare
258 461 334 534 fuit,
361 467 525 525 inimicitias
546 463 698 536 oblivisci,
720 464 817 537 adeo,

138 566 169 604 ut
190 546 302 605 Vitellii
323 543 409 606 hostis
428 544 471 605 sui
491 545 580 606 filiam
599 546 819 626 locupletissimi

77 633 85 650 ¹
140 626 267 686 dotatam
295 624 521 706 splendidissimo
542 633 723 710 conjungeret
745 630 816 712 viro.

139 707 257 766 Ferebat
275 709 411 788 patienter
428 711 586 768 amicorum
613 729 721 779 motus,
742 731 816 768 con-

140 789 264 848 tumeliis
281 809 396 860 eorum,
418 787 528 850 ut'erat
546 788 749 860 facetissimus,
772 797 818 868 jo-

141 870 281 930 cularibus
307 868 486 952 respondens.
514 871 647 952 Namque
676 871 818 930 Licinium

140 950 338 1023 Mucianum,
365 973 423 1032 quo
451 951 579 1031 adjutore
607 951 643 1011 acl
667 953 817 1032 imperium

141 1051 328 1114 pervenerat,
359 1031 469 1092 fiduciis
492 1035 657 1092 meritorum
689 1030 817 1093 insolen-

142 1131 225 1183 tem,
250 1112 341 1190 lepide
370 1115 527 1184 fleslebat,
559 1111 689 1174 adhibito
720 1113 818 1194 aliquo

142 1195 251 1274 utrique
269 1191 423 1266 familiari,
446 1195 475 1254 id
492 1217 580 1254 unum
601 1195 694 1254 dicens
712 1193 819 1254 :Nosti

142 1293 189 1332 me
201 1275 304 1334 Virum
316 1273 376 1336 esse.
390 1275 445 1337 Sed
457 1276 525 1358 quid
537 1279 642 1336 mirum
655 1278 684 1334 in
697 1277 818 1349 amicis,

143 1353 207 1414 etim
231 1357 317 1416 etiarn
346 1357 577 1418 Caussidicorum
602 1358 718 1438 obliqua
743 1356 819 1418 dista

141 1434 427 1517 &Philosophorum
452 1439 660 1498 contumaciam
684 1458 817 1499 contem-

142 1524 242 1578 neret?
266 1516 320 1578 lste
337 1517 506 1602 exsanguem
526 1520 575 1580 diu
592 1517 745 1600 sessumque
763 1539 821 1579 ter·

143 1619 238 1658 rarum
255 1599 353 1658 orbem
372 1601 452 1660 brevi
471 1600 578 1660 refecit.
599 1601 733 1681 Namque
757 1603 817 1680 pri-

144 1677 225 1738 mdm
245 1677 375 1740 satellites
393 1680 568 1761 tyrannidis,
596 1684 650 1744 nisi
670 1684 720 1762 qui
744 1680 820 1742 forte

145 1761 266 1818 atrocius
289 1760 375 1843 longe
400 1757 605 1841 processerant,
630 1765 738 1824 flestete
759 1785 818 1844 po-

107 1906 113 1920 ,
146 1841 200 1900 tius
230 1842 356 1912 maluitt
387 1841 472 1924 quarn
505 1846 673 1910 excruciatos
704 1845 795 1905 delete
808 1891 821 1917 ,

140 1921 356 2002 prudentissime
381 1943 477 1996 ratus,
499 1923 610 1986 nefaria
630 1924 782 1986 ministeria
802 1924 820 1986 *a

143 2003 267 2084 pluribus
301 2025 378 2065 metu
414 2010 511 2068 curati.
545 2004 679 2066 Praeterea
711 2007 820 2090 legibus

142 2086 306 2165 aequissimis
326 2086 490 2157 monendo,
510 2087 643 2171 quodque
661 2084 819 2147 vehemen-

143 2166 199 2224 tius
211 2164 277 2236 est,
297 2167 362 2226 vitre
383 2164 473 2246 specie
493 2169 628 2226 vitiorum
648 2167 725 2246 plura
743 2169 819 2228 abo-

142 2247 257 2307 leverat.
273 2244 402 2306 Infirmus
416 2267 531 2316 tamen,
550 2249 592 2306 ttti
606 2246 722 2327 quidam
735 2249 820 2328 prave

143 2345 267 2409 putant,
293 2325 422 2388 adversus
450 2329 626 2408 pecuniam,
660 2328 724 2388 etim
755 2326 821 2391 satis
905 2358 906 2362 ¹

144 2407 250 2468 constet
272 2411 363 2470 aerarii
381 2409 477 2491 inopii
495 2419 522 2470 δι
539 2408 617 2469 clade
635 2409 746 2470 urbium
766 2431 824 2470 tto-2

142 2511 192 2551 tas
206 2511 270 2552 eum
291 2511 381 2572 neque
400 2489 494 2571 postea
512 2488 621 2552 habitas
638 2491 820 2574 vestigalium

144 2575 289 2651 pensiones
319 2569 499 2652 exquisivisse.
527 2572 585 2632 Hic
612 2572 737 2634 Romam
765 2572 830 2632 de·-

145 2651 266 2713 formenr
302 2652 438 2714 incendiis
467 2654 604 2714 veteribus
635 2675 668 2714 ae
703 2657 822 2727 ruinis,

145 2733 297 2816 permissi,
321 2736 345 2795 si
364 2733 475 2794 domini
498 2731 638 2805 deessent,
660 2733 821 2794 volentibus

122 2868 133 2879 s,
145 2813 301 2876 aedificandi
320 2815 420 2896 copii,
437 2813 614 2895 Capitolium
625 2862 637 2886 ,
658 2814 746 2895 aedetn
765 2813 822 2874 Pa·-

145 2897 205 2967 cis,
228 2897 345 2960 Claudii
361 2915 546 2958 monumenta
563 2897 725 2979 reparavit,
740 2895 822 2958 mul--
