2060 3662
313 293 632 364 LrnnnIII.
767 255 818 382 ζμΙ

126 427 163 470 ut
175 413 368 473 renunciarent
380 410 539 474 Hannibali
553 458 563 484 ,
589 433 650 495 quae
665 411 739 492 apud
752 413 816 472 Ro·

124 511 233 559 manos
250 491 389 554 vidilicnt.
553 541 556 548 ,

124 633 128 641 ,
170 569 304 634 XXIII.
327 575 436 634 Interea
468 575 592 654 praelium
625 574 662 634 ab
695 593 819 656 utroque

123 652 200 712 duce
223 653 386 716 instruclum
408 655 471 724 est,
497 657 579 736 quale
602 657 649 714 vix
669 653 727 714 ulli
748 677 814 714 me-

122 731 222 802 morii
249 735 334 808 fuit,
364 736 427 796 etim
455 737 615 816 peritissimi
642 737 696 796 viri
720 739 815 815 copias

123 813 193 876 suas
221 817 259 876 ad
286 818 393 878 bellum
421 816 576 878 educerent.
604 817 701 896 Scipio
726 819 818 878 victor

77 961 80 967 Δ
124 895 261 968 recedit,
283 900 353 978 pene
371 895 432 978 ipso
450 897 613 958 Hannibale
633 917 715 976 cepto
737 921 746 955 c
764 899 815 979 qui

123 975 256 1058 primum
270 999 334 1038 cum
350 980 445 1038 multis
459 979 598 1060 equitibus
612 1023 621 1050 ,
636 977 736 1038 deinde
750 999 817 1040 curn

126 1059 255 1141 viginti,
274 1057 415 1140 postremb
435 1081 500 1120 cum
519 1079 639 1141 quatuor
654 1061 749 1119 evasit.
767 1059 816 1120 Irt-

126 1160 216 1200 venta
234 1142 265 1200 in
286 1139 378 1203 castris
395 1141 567 1202 Hannibalis
587 1143 698 1224 argenti
717 1141 814 1220 pondo

127 1222 235 1360 pipinti
252 1223 362 1295 millia,
380 1225 441 1284 auci
460 1225 626 1306 obtingente
636 1267 648 1294 ,
660 1241 756 1282 caetera
774 1220 818 1283 sn·

127 1321 166 1382 pe
180 1303 276 1363 lestilis
303 1303 428 1386 copiosa.
455 1303 522 1364 Post
543 1305 573 1364 id
596 1324 737 1364 certamen
760 1323 815 1384 pax

129 1403 198 1442 cum
228 1383 511 1468 Carthaginiensibus
536 1385 611 1446 facia
641 1383 687 1445 est.
719 1386 817 1464 Scipio

127 1461 259 1526 Romam
283 1467 386 1539 rediit,
409 1476 436 1526 &
461 1469 571 1550 ingenti
595 1466 686 1551 glorii
710 1468 815 1525 crium-

129 1543 256 1625 phavit,'
281 1568 365 1628 atque
392 1547 541 1608 Africanus
565 1569 598 1606 ex
624 1568 658 1606 eo
684 1543 818 1627 appellari

129 1645 240 1706 coeptus
264 1627 315 1706 est,
332 1629 432 1688 Finem
452 1631 559 1707 accepit
580 1626 732 1686 secundum
754 1629 816 1686 Pn-

130 1708 233 1800 nicum
252 1707 378 1780 bellum,
399 1706 461 1789 post
476 1729 582 1770 annum
602 1709 751 1790 septimum
770 1707 819 1768 dc·

129 1809 265 1860 cunum,
286 1811 372 1870 quam
394 1809 525 1871 coeperat.

129 1903 812 2001 nfflaemffln

150 2103 152 2108 ,
182 2045 383 2114 LIBER
441 2043 779 2130 QUARTUS:

332 2235 553 2298 CAPUT
594 2235 617 2296 1.

132 2327 405 2444 Γἷὶωιεμιτο
427 2379 534 2441 Punico
557 2381 661 2452 bello,
691 2379 816 2444 secutum

132 2463 174 2523 est
188 2463 406 2524 Macedonicum
423 2483 519 2523 contra
533 2462 695 2543 Philippum
709 2485 816 2547 regem.

176 2543 219 2604 ΙΙ.
249 2545 485 2628 Quingentesimo
520 2553 546 2604 &
578 2547 817 2684 quincppagesirno

132 2627 229 2708 primo
251 2647 327 2684 anno
344 2626 379 2684 ab
398 2625 477 2686 Urbe
499 2623 637 2697 conditi,
688 2672 695 2686 .
714 2627 814 2704 Quin-

134 2709 190 2766 tius
216 2705 389 2766 Flamininus
412 2705 557 2766 adverstim
580 2705 742 2786 Philippum
765 2727 815 2764 re-

100 2857 107 2866 !
157 2807 203 2844 em
221 2789 362 2846 mittitur:
378 2786 507 2868 prospere
524 2809 582 2846 rem
602 2790 685 2870 gessit
701 2811 707 2842 ε
721 2809 773 2867 pax
789 2787 816 2846 ei

135 2809 204 2930 {ata
224 2867 262 2928 est
282 2865 325 2930 his
342 2869 451 2952 legibus
469 2892 477 2928 ι
493 2869 538 2930 Ne
552 2870 668 2930 -Grncicc
688 2869 817 2944 civitati-
