2142 3664
229 321 285 373 nr
304 305 422 376 Vrnrs
439 320 726 376 rtttrsrnraus.
756 328 822 392 199

145 443 217 484 cano
237 425 405 504 adoptatus,
428 426 458 484 in
478 421 653 484 Macedonih
669 443 824 502 camparte

144 527 251 588 agens,
265 507 372 566 vidium
385 503 486 564 Persen
500 524 560 564 tam
573 505 748 585 pertinaciter
761 525 824 582 per-

143 583 251 648 secutus
264 585 303 644 est
315 632 326 656 ‚
339 605 369 646 ut
380 585 473 646 medii
483 589 566 648 node
584 589 614 646 in
628 582 713 645 castra
726 583 822 644 redie-

144 669 188 727 rit.
203 667 322 728 Lucullo
339 669 368 728 in
385 665 524 748 Hispani&
541 669 668 750 legatus,
687 665 761 747 apud
774 665 838 726 In·‘

94 759 105 778 ⁴
145 749 290 808 tercatiam
305 747 442 827 oppidum
481 767 674 808 tovoeatorem
690 746 825 829 singulari

146 829 243 910 praelio
261 829 338 888 vicit.
351 829 452 888 Muros
462 770 573 888 hostilis
587 829 706 896 civitatis
720 830 825 906 primus

145 907 280 976 ascendit.
307 907 451 968 Tribunus
472 910 502 968 in
516 907 613 968 Afric&
633 906 684 967 sub
701 909 746 968 M.
760 909 826 968 Ma-

146 990 218 1050 nilio
235 992 427 1068 imperatore,
445 987 573 1050 cohortes
591 992 657 1048 octo
677 989 826 1050 obsidione

148 1072 267 1130 vallatas
285 1071 403 1129 consilio
417 1079 444 1130 δι
459 1072 560 1130 virtute
577 1067 695 1130 servarit
707 1114 717 1140 ,
731 1067 748 1128 ‘a
763 1071 826 1149 qui-

148 1147 200 1210 bus
214 1149 318 1210 coroni
328 1150 500 1210 obsidionali
513 1149 595 1210 aurei
605 1149 733 1210 donatus.
748 1147 827 1212 cum

148 1230 330 1293 AEdilitatem
343 1251 463 1310 peteret,
477 1229 589 1292 Consul
602 1251 666 1292 ante
679 1252 769 1290 annos
782 1231 828 1290 ul·-

149 1311 194 1380 ‚trb
214 1311 326 1384 fabius„
342 1311 548 1396 Carthaginem
566 1315 637 1372 intra
653 1310 699 1372 sex
717 1309 828 1372 menses

147 1392 260 1455 delevit.
278 1394 466 1454 Numantiam
482 1395 512 1454 in
527 1390 686 1474 Hispania,
705 1392 828 1454 corredih

168 1476 223 1534 rius
237 1476 360 1534 militum
371 1473 536 1555 disciplinh,
558 1473 634 1535 fame
651 1475 720 1534 vicit
738 1498 745 1532 :
760 1472 828 1534 hinc

148 1494 351 1623 humentium.
376 1555 452 1616 Caio
471 1555 559 1614 Laelio
580 1552 731 1636 plurimdm
752 1551 827 1616 usus.

148 1636 197 1696 Ad
217 1636 309 1719 Reges
327 1633 471 1695 adeundos
492 1631 607 1705 miffus,
625 1634 695 1694 duos
711 1633 803 1694 secum
815 1682 827 1706 ,

150 1736 246 1796 praeter
267 1737 356 1787 eum,
377 1713 469 1776 servos
493 1715 579 1776 duxit.
602 1715 653 1773 Ob
674 1735 717 1774 tes
739 1713 828 1797 gestas

149 1793 298 1878 superbus,
311 1793 473 1858 Gracchum
487 1801 545 1875 jure
560 1791 659 1856 caesum
673 1794 761 1856 videri
775 1793 830 1856 res·

150 1878 271 1960 pondit,
289 1877 461 1957 obstrepente
475 1877 580 1958 populo
597 1901 603 1934 :
622 1876 751 1938 Taceant
764 1923 774 1949 ,
788 1881 831 1938 in-

148 1961 227 2040 quit,
240 1961 340 2040 quibus
353 1959 435 2020 ltalia
447 1981 586 2030 noverca,
599 1981 657 2020 non
669 1978 755 2019 mater
766 1957 805 2018 est
816 1983 826 2031 3

149 2041 298 2105 &addidit
315 2065 321 2098 :
343 2040 425 2118 Quos
439 2062 494 2125 ego
515 2039 566 2100 sub
581 2039 687 2100 cotonei
703 2039 829 2103 vendidi.
865 2076 869 2088 ›

149 2121 289 2193 Censor,
312 2122 459 2182 Mummio
485 2119 595 2204 collegi
617 2119 773 2204 segniore,
799 2124 830 2182 in

149 2203 255 2270 Senatu
269 2205 309 2263 ait
322 2247 331 2274 ‚
343 2204 465 2264 Utinam
479 2199 551 2260 mihi
565 2201 635 2260 colle
657 2224 704 2260 am
718 2221 766 2261 aut
781 2201 832 2261 de-

149 2281 269 2354 differis,
287 2301 409 2342 autnon
426 2279 575 2342 dediisetis.
591 2223 725 2362 Suffceptb
735 2284 830 2366 Agra-

147 2367 256 2424 riorum
275 2361 378 2434 causi,
399 2363 479 2444 domi
496 2363 607 2444 repente
624 2365 759 2424 exanimis
778 2367 828 2424 in-

149 2465 267 2518 ventus,
290 2445 428 2506 obvoluto
451 2448 541 2525 capite
564 2444 651 2504 elatus
672 2465 735 2516 ,ne
756 2446 829 2506 livor

150 2527 180 2587 in
200 2547 248 2586 ore
267 2547 302 2606 ap
323 2545 417 2586 areret.
437 2524 530 2606 Hujus
550 2527 752 2607 patrimonium
769 2546 829 2590 tam

149 2607 282 2688 exiguum
332 2608 374 2676 ἰ,
393 2626 424 2666 ut
443 2627 572 2666 xxxrr.
593 2607 677 2668 libras
697 2609 829 2691 argenti,

149 2687 219 2748 duas
239 2695 267 2747 &
284 2684 455 2746 semilibram
476 2690 537 2747 auri
556 2688 705 2768 reliquerit.

190 2767 278 2827 LIX.
300 2767 388 2828 Aulus
403 2765 539 2828 Hostilius
556 2769 710 2829 Mancinus
726 2769 829 2828 Ptaetor

149 2847 294 2911 adversum
312 2849 506 2910 Numantinos
525 2849 682 2910 vetantibus
705 2851 827 2919 avibus,

644 2929 658 2990 Ι
679 2931 708 2990 iv
