2134 3668
153 2483 156 2494 ν
255 2415 326 2476 serat
342 2454 366 2489 ,·
384 2426 410 2478 δι

257 376 323 420 102
436 347 755 424 E'orrorrr

252 468 373 531 omninb
383 472 488 530 clarum
497 469 641 554 gesserunt.
651 472 718 533 Sola
725 471 900 554 pestilentis,
912 483 940 536 δι

252 555 382 623 morbis,
400 573 484 633 atque
503 554 713 636 egritudinibus
735 573 819 615 notus
839 575 939 616 eorum

252 636 422 714 principatus
444 631 506 693 fuit.

291 715 345 775 VI.
357 712 532 775 AEmilianus
545 713 741 776 obscurissime
752 735 850 788 natus,
865 715 938 777 obs·
1049 767 1050 774 ,

251 793 340 855 coriris
356 798 525 878 imperavit,
546 819 578 857 ac
598 799 680 857 tertio
698 795 794 858 mense
810 795 935 859 exstinc-

254 897 296 935 tus
316 875 363 937 est.

290 958 360 1018 Vll.
380 957 457 1018 Hinc
471 958 596 1018 Licinius
611 959 802 1030 Valerianus,
819 961 849 1020 in
867 959 937 1021 Rae·

252 1037 292 1098 tii
310 1049 337 1100 δι
355 1039 464 1099 Norico
491 1061 596 1124 agens,
617 1040 654 1100 ab
671 1043 791 1099 exercitu
811 1039 938 1122 Impera·

252 1141 315 1193 tor,
336 1129 363 1181 δι
387 1139 456 1181 mox
479 1119 619 1204 Augustus
640 1119 679 1180 est
697 1120 795 1180 fastus.
817 1121 934 1182 Gallie·
956 1117 960 1123 ’

251 1221 304 1262 nus
323 1223 362 1283 qu
403 1223 437 1261 ue
454 1199 555 1262 Romae
568 1201 584 1260 ὲ
597 1203 702 1262 Senatu
720 1201 816 1263 Caesar
831 1201 870 1261 est
886 1225 936 1283 ap·

253 1284 378 1363 peilatus.
422 1303 503 1342 orum
516 1285 665 1364 imperium
678 1284 812 1343 Romano
825 1287 938 1344 nomini

253 1362 461 1442 perniciosum,
483 1373 510 1424 &
534 1365 604 1445 pene
628 1365 769 1425 exitiabile
793 1363 870 1434 fuit,
891 1366 937 1427 vel

253 1443 418 1503 infelicitate
439 1446 619 1524 principum,
643 1446 688 1504 vel
708 1443 840 1528 ignavia&-
856 1446 936 1506 Ger-

254 1527 332 1584 mani
350 1524 516 1584 Ravennam
536 1524 624 1607 usque
642 1545 785 1585 venerunt.
802 1526 936 1586 Valeria-

254 1627 305 1666 izus
323 1609 353 1666 in
366 1603 579 1688 Mesopotamia
595 1608 700 1666 bellum
719 1627 839 1690 gerens,
858 1604 939 1668 *aSa-
1049 1605 1050 1630 l

206 1752 208 1757 ,
254 1709 341 1767 pore,
360 1685 506 1748 Persarum
526 1709 589 1770 rege
602 1687 659 1758 ‚su
679 1707 769 1748 eratus
786 1685 826 1745 est
843 1710 851 1744 ε
869 1708 938 1749 mox

254 1771 340 1829 etiarn
359 1788 476 1850 captus,
496 1770 570 1850 apud
592 1709 711 1830 Partlios
732 1768 855 1852 ignobili
875 1767 936 1830 set·

254 1852 342 1910 vitute
360 1849 515 1910 consenuit.

292 1931 379 1991 VIII.
398 1930 567 2003 Gallienus,
587 1929 651 1991 crim
668 1928 829 1992 adolescens
846 1931 939 1994 fastus

254 2007 320 2072 esset
342 2010 506 2095 Augustus,
528 2015 678 2092 imperium
702 2011 824 2093 primrim
846 2012 939 2074 felici-

254 2112 316 2164 ter,
341 2113 409 2153 mox
427 2093 603 2164 commodl,
625 2095 660 2153 ad
685 2095 817 2153 ultimum
838 2097 937 2173 perni-

255 2175 332 2234 ciosi
352 2177 446 2260 gessit.
467 2175 545 2236 Nam
563 2177 671 2254 juvenis
690 2177 719 2235 in
740 2172 837 2234 Gallia
854 2185 881 2236 δι
900 2176 940 2235 ll·
991 2176 994 2181 ’

254 2255 343 2335 lyrico
369 2256 458 2316 multa
485 2254 593 2316 strenue
618 2254 713 2326 fecit,
743 2253 838 2314 occiso
863 2255 939 2337 apud

254 2335 384 2397 Mursam
407 2337 440 2396 In
463 2358 560 2408 enno,
583 2340 634 2418 qui
660 2355 808 2418 purpuram
836 2334 938 2418 sump-

442 2357 635 2477 I'rebelliano.
664 2419 724 2478 Diu
754 2417 879 2498 placidus
912 2427 940 2480 &

255 2499 387 2579 quietus,
406 2517 473 2557 mox
496 2501 526 2558 in
547 2519 664 2558 omnem
686 2497 833 2560 lasciviam
853 2495 942 2559 dillo-

255 2580 353 2650 lutus,
375 2579 502 2639 tenendae
526 2579 699 2660 Reipublicae
722 2579 846 2640 habenas
868 2601 939 2662 pro-

254 2659 338 2720 beosa
353 2658 468 2744 ignaviai
482 2669 509 2721 &
527 2659 719 2741 desperatione
733 2662 847 2722 laxavit.
862 2662 939 2722 Ala·

255 2743 378 2813 manni,
403 2739 516 2803 vastatis
546 2742 679 2815 Galliis,
701 2746 731 2804 in
750 2743 865 2803 ltaliam
909 2763 941 2802 e·

255 2841 442 2884 netravetuut.
464 2823 578 2896 Dacia,
621 2846 662 2885 uae
682 2822 699 2883 a
717 2824 845 2904 Trajano
868 2763 942 2885 ultra

256 2904 423 2970 Danubium
456 2903 547 2968 fuerat
570 2846 723 2988 aijeeia,
757 2901 855 2968 amissa
888 2903 941 2968 est.
