2110 3666
241 340 311 424 306
357 329 481 402 Aur.
510 330 789 401 Vtcronrs

237 449 582 532 Alexandrib‚exemplis,
592 452 738 530 reparavit.
747 451 923 533 Sagittarum

239 553 298 594 tam
319 535 416 592 doetus
437 530 509 603 fuit,
530 552 560 591 ut
583 533 654 590 inter
670 550 795 611 patentes
815 533 924 614 digitos

240 634 356 676 extentae
387 611 485 674 mantis
509 615 563 672 viri
586 615 683 692 procul
708 614 793 692 positi
815 611 924 694 spicula

241 694 450 756 transvolarent.
469 691 582 754 Dehinc
602 713 681 754 atrox
702 694 840 765 cudibus,
862 695 923 754 bo·

240 797 340 838 norum
370 774 504 836 surr-licit
534 795 614 858 agere
645 777 751 855 coepit,
782 796 815 834 ac
842 795 924 834 mure

241 857 279 918 C.
302 857 441 920 Caliz¹1rlae
457 856 605 916 dominum
624 853 680 914 sese
699 857 849 936 Deumque
865 855 925 916 dici

241 941 363 1022 coegit3
391 936 536 1021 segnisque
557 935 693 1008 ridi-uid,
715 940 923 1012 remotis-orn-

241 1023 348 1090 ni'cus,
372 1018 531 1078 muscarum
552 1019 668 1100 agmina
695 1017 923 1099 persequebatur.

242 1102 348 1162 Furens
370 1102 509 1170 li'tlline,
532 1105 608 1178 cujus
630 1098 739 1160 fedum
759 1101 925 1160 exercitium

243 1183 408 1242 Craetorum
442 1184 537 1264 lingua
571 1181 759 1253 κλινοποέλην
792 1181 925 1242 vocabat.

242 1262 321 1326 Hinc
342 1264 516 1343 percontanti
534 1260 874 1342 cuidem,Quisquamne
893 1265 925 1322 in

241 1347 349 1425 palutio
368 1341 452 1415 esset,
472 1341 635 1421 responsum
658 1366 664 1400 :
686 1343 733 1402 Ne
750 1341 840 1420 musta
864 1345 926 1421 qui-

242 1428 312 1486 dem.
331 1424 385 1483 His
410 1430 468 1502 ejus
488 1423 619 1493 saevitiir,
648 1446 679 1481 ac
699 1424 824 1484 maxime
844 1426 925 1504 inju-

243 1504 286 1566 tid
304 1506 477 1575 verborum,
496 1503 552 1586 qui
569 1503 596 1564 se
617 1502 738 1564 scortum
757 1506 855 1564 vocari
872 1505 927 1564 do-

243 1587 340 1661 lebat,
358 1585 490 1648 accensus
508 1587 667 1656 Antonius,
688 1607 786 1646 curans
804 1586 927 1646 Germa·

245 1671 324 1728 niam
351 1667 529 1749 'superiorem
547 1715 559 1738 ,
598 1671 749 1747 imperium
781 1669 853 1727 corti
874 1671 925 1728 uit.

245 1749 315 1826 Quo
339 1771 386 1830 per
413 1749 598 1818 Norbanum²
612 1749 736 1829 Appium
759 1750 818 1808 acie
842 1689 928 1810 litato

245 1829 430 1891 Domitianus
453 1831 539 1913 longd
566 1832 681 1901 tetrior,
706 1833 735 1890 in
758 1851 845 1890 omne
867 1827 927 1890 ho-

246 1913 358 1972 minum
388 1933 503 1993 genus,
526 1915 612 1972 etiam
641 1914 670 1971 in
697 1909 783 1982 suos,
806 1909 929 1974 ferarum

246 2013 325 2053 more
370 1989 527 2052 rufftbatur.
552 1993 642 2075 igitur
661 2011 738 2052 metu
758 1992 928 2054 crudelitatis

248 2083 275 2134 &
297 2013 473 2134 conicientur
497 2071 551 2134 suae
576 2075 755 2153 conjuravdre
782 2075 927 2154 plerique,

247 2154 446 2235 impulsoribus
473 2153 625 2216 Parthenio
654 2173 819 2236 procurante
847 2155 928 2216 cubi·

249 2237 343 2296 culum
355 2285 367 2308 ,
386 2246 413 2298 δι
430 2234 595 2315 Stephano,
616 2245 642 2296 δι
663 2254 724 2315 tum
744 2235 783 2294 ob
801 2234 928 2296 fraudem
969 2289 972 2296 .

247 2319 405 2398 intercepta·
418 2319 540 2397 pecuniae
554 2315 721 2398 supplicium
735 2313 925 2396 suspedlante,

248 2397 417 2470 Clodiano,
435 2395 541 2458 adscita
556 2399 643 2458 etiam
666 2399 695 2458 in
718 2399 867 2458 consilium
882 2417 927 2478 ty-

247 2482 330 2538 ranni
351 2499 436 2540 uxore
454 2477 604 2550 Domitii,
632 2479 671 2538 ob
695 2499 824 2540 amorem
844 2478 926 2538 Puri-

248 2559 293 2620 dis
313 2557 453 2619 histrionis
477 2557 494 2618 *a
518 2562 641 2641 principe
667 2562 802 2620 cruciatus
829 2558 928 2619 formi-

249 2640 343 2701 dante.
362 2642 561 2702 Domitianum
576 2643 670 2702 multis
691 2641 849 2702 vulneribus
863 2662 929 2702 eon·

250 2720 383 2795 fodiunt,
403 2721 465 2804 post
484 2745 590 2784 annum
610 2724 741 2804 quintum
761 2732 789 2784 &
808 2722 929 2803 quadra·

272 2807 390 2864 esimum
403 2807 475 2866 vitae.
485 2805 526 2865 At
541 2806 657 2866 Senatus
673 2804 836 2887 gladiatoris
851 2823 929 2864 more

251 2824 334 2948 lanus
352 2883 463 2962 efferri,
481 2885 692 2970 radendumque
712 2907 818 2948 nomen
834 2884 930 2946 decre·
