2134 3668
198 288 298 328 am
461 265 889 340 &iffae-&wo

261 395 450 464 LIBER
503 392 817 464 OCTAVUS.
870 415 873 426 ·

400 583 619 647 CAPUT
660 581 684 644 l.

201 677 380 794 ANNO
407 751 537 791 occet.
565 730 601 790 ab
625 731 706 792 Urbe
731 727 846 788 conditi
870 773 880 804 ‚

197 813 302 872 Vetere
315 823 342 872 ὅ(
356 814 478 872 Valente
490 808 664 874 Consulibus
677 859 688 882 ,
708 809 880 890 Respublica

198 893 235 954 ad
250 893 464 975 prosperrimum
477 893 579 953 statum
592 893 675 952 rediit
687 938 696 964 ,
708 893 791 953 bonis
803 891 882 952 Prin·

198 977 306 1055 cipibus
329 977 438 1058 ingenti
466 971 600 1034 felicitare
625 970 782 1033 commiiIa.
810 973 879 1032 Do-

199 1058 320 1116 mitiano
342 1059 442 1127 enirn,
459 1056 597 1116 exitiabili
617 1075 761 1138 tyranno,
784 1054 879 1115 Nerva

199 1135 352 1209 successit,
374 1140 416 1198 vir
443 1139 472 1196 in
500 1135 607 1216 privati
631 1135 691 1196 vitri
719 1134 878 1204 moderatus

200 1227 229 1278 δε
244 1217 390 1289 strenuus,
412 1218 568 1278 nobilitatis
584 1217 683 1278 mediae
698 1239 709 1288 3
730 1219 780 1298 qui
799 1213 881 1276 senex*

200 1297 380 1370 admodum,
407 1320 522 1379 operam
553 1298 638 1358 dante
668 1299 801 1358 Petronio
827 1298 882 1358 Se-

201 1380 317 1450 cundo,
341 1379 470 1460 praefeelo
493 1383 643 1461 praetorio,
668 1382 736 1439 item
759 1377 881 1441 Parrhess

200 1465 280 1532 nio,
305 1459 481 1521 interfeeiore
513 1462 700 1532 Domitiani,
725 1461 882 1540 Imperator

201 1541 292 1604 fastus
305 1545 496 1624 nequissimum
514 1540 541 1602 se
559 1552 586 1602 &
603 1543 798 1602 civilissimum
813 1553 884 1622 prae'-

202 1623 273 1684 buit.
290 1624 462 1706 Reipublicae
483 1622 578 1683 divini
599 1625 759 1703 provisione
781 1621 885 1682 consu*-

201 1705 277 1777 luit,
302 1705 459 1782 Traianum
485 1705 657 1785 adoptando.
687 1705 819 1765 Mortuus
846 1703 885 1764 est

202 1786 303 1846 Roma
319 1785 380 1866 post
396 1807 502 1847 annurn
519 1795 546 1846 δε
564 1806 683 1867 quatuor
705 1783 813 1845 menses
829 1787 885 1844 im‘·
902 1857 906 1862 ,

202 1867 273 1948 perii
297 1865 359 1938 sui,
383 1889 415 1927 ac
443 1867 501 1927 dies
527 1870 620 1936 oct03
650 1869 737 1926 aetaris
759 1887 833 1925 cxx.
857 1877 885 1926 δε

203 1949 293 2009 altero
310 1969 387 2008 anno
402 1971 408 2004 ε
424 1967 508 2029 atque
524 1950 595 2008 iuter
608 1949 700 2008 Divos
718 1949 819 2008 relatus
831 1947 884 2009 est.

243 2030 286 2090 ΙΙ.
309 2030 445 2090 Successit
465 2031 490 2087 ei
509 2030 613 2109 Ulpius
634 2029 762 2090 Crinitus
777 2029 883 2108 Traja-

202 2131 278 2183 nus,
301 2129 382 2172 natus
410 2111 514 2171 Italicae
538 2113 568 2168 in
588 2108 749 2190 Hispaniis,
775 2109 886 2171 famili&

202 2191 321 2274 antiqui
338 2195 430 2276 magis
445 2191 530 2274 quim
545 2190 619 2252 claris
634 2215 640 2248 ε
656 2212 723 2251 nam
738 2209 814 2272 pater
828 2198 887 2272 ejus

203 2270 326 2354 primtiln
338 2273 448 2334 Consul
462 2273 524 2334 fuit.
537 2273 692 2353 Imperator
704 2293 798 2332 autem
811 2269 886 2352 apud

203 2353 392 2449 Agrippinam
413 2357 442 2413 in
462 2355 566 2415 Galliis
586 2354 675 2414 fabius
694 2351 740 2413 est.
759 2354 887 2434 Rempu-

205 2434 310 2496 blicam
324 2437 364 2496 ita
378 2433 582 2496 administravit
597 2481 605 2506 ,
620 2453 650 2494 ut
662 2435 795 2495 omnibus
807 2437 887 2516 prin·

204 2517 314 2596 cipibus
330 2514 432 2576 mesitb
448 2516 615 2596 praeferatur.
632 2517 774 2576 Inusitata
795 2517 888 2576 civili·

118 2605 120 2608 ’
205 2600 270 2658 ratis
287 2607 314 2658 &
332 2597 503 2658 fortitudinis
524 2597 586 2658 fuit.
607 2597 733 2658 Romani
753 2600 887 2677 imperii,

205 2679 285 2761 quod
302 2677 363 2759 post
376 2677 534 2763 Augustum
552 2677 698 2740 defensum
719 2681 810 2762 magis
828 2677 890 2738 fue*-

206 2769 278 2832 tat',
311 2758 396 2842 quim
414 2762 561 2822 nobiliter
589 2762 786 2842 ampliatum,
818 2757 889 2820 fines

206 2842 293 2927 longe
306 2843 416 2925 latique
427 2839 541 2905 diffudit
553 2865 561 2902 :
574 2843 654 2940 urbes
666 2863 740 2908 trans
751 2838 887 2907 Rhenum
