2060 3662
215 323 260 368 22
394 299 705 370 Euanoaii

207 423 316 480 {latore
335 421 432 500 capitis
448 419 596 478 damnatus
608 425 623 488 ,⁹
635 415 714 498 quod
734 413 761 475 se
777 435 891 477 vetante

209 521 248 582 pu
270 496 378 570 mallet,
398 502 507 582 ingenti
529 499 625 559 favore
646 499 768 557 militum
787 507 814 557 &
837 519 892 578 po-

210 521 270 662 puli
286 581 418 640 liberatus
436 579 474 638 est
498 604 504 637 :
526 579 604 642 tantd
621 580 733 659 Papirio
753 579 891 638 seditione

209 660 379 732 commota,
400 680 431 720 ut
447 661 517 741 pene
532 659 590 741 ipse
611 658 815 720 interficeretur.

251 741 317 801 lx„
332 740 431 802 Postea
456 743 597 802 Samnites
624 741 796 812 Romanos,
818 741 890 800 Tito

210 820 332 882 Veturio
349 832 376 883 δι
395 823 495 903 Spun'o
522 821 666 882 Postumio
690 820 891 894 Consulibus,

208 904 316 984 (apud
337 904 467 964 Furculas
488 903 633 965 Caudinas
651 902 784 986 angustiis
804 905 889 962 loco-

209 1007 272 1044 rum
296 983 445 1062 inclusos)
463 987 492 1045 in
514 987 572 1044 enti
591 984 725 1044 dedecore
742 985 892 1056 vicerunt,

207 1064 307 1128 &sub
326 1071 426 1149 jugum
445 1005 588 1126 nudarunt.
609 1067 667 1126 Pax
688 1085 784 1125 tamen
804 1065 890 1126 ‘aSe-

187 1197 188 1200 ,
209 1165 280 1208 natu
299 1156 326 1207 &
346 1149 451 1228 populo
471 1145 561 1207 soluta
578 1145 638 1218 est,
681 1167 722 1206 uae
742 1167 807 1206 cum
825 1147 893 1285 ipsis

209 1247 321 1308 propter
346 1229 539 1288 necessitatem
562 1226 638 1289 falla
659 1169 762 1289 ⁴luerat.
793 1228 834 1287 Po

209 1309 351 1368 Samnites
364 1311 433 1370 vieti
449 1307 511 1368 sunt
531 1308 547 1368 *a
565 1311 598 1368 L.
611 1309 724 1390 Papirio
738 1307 867 1370 Consule
881 1331 890 1368 ε

209 1388 318 1470 septem
347 1391 438 1450 millia
465 1411 562 1449 eorum
590 1387 641 1453 sub
670 1395 771 1473 jugum
800 1387 891 1451 missa.

209 1471 337 1552 Papirius
364 1471 399 1530 de
424 1471 598 1534 Samnitibus
623 1468 815 1550 triumphavit.
845 1471 891 1531 Eo

208 1571 336 1632 tempore
361 1553 470 1632 Appius
489 1551 628 1616 Claudius
654 1549 765 1612 Censor
786 1573 891 1642 apuam

211 1633 367 1694 Claudiam
386 1633 517 1704 induxit,
540 1643 567 1694 ἃ
586 1634 663 1692 viam
681 1633 805 1713 Appiam
823 1631 892 1694 stra-

210 1717 260 1774 vit.
280 1716 440 1786 Samnites,
457 1733 584 1794 reparato
596 1714 695 1784 bello,
716 1713 755 1790 Q.
770 1714 890 1774 Fabium

859 1248 951 1288 ea·

209 1795 374 1856 Maximum
387 1799 536 1866 vicerunt,
557 1795 644 1854 tribus
658 1793 893 1855 millibushomi-
933 1834 936 1840 ·
1016 1777 1017 1788 ἵ

211 1897 281 1935 num
301 1879 406 1937 occisis.
425 1874 524 1936 Postea
544 1875 608 1935 etim
623 1896 699 1955 pater
717 1881 775 1954 ejus
788 1877 892 1938 fabius

210 1957 357 2026 Maximus
370 1959 478 2040 legatus
491 1956 570 2016 datus
584 1953 697 2028 fuisset,
712 1957 893 2018 &Samnitas

210 2040 304 2110 vicit,
331 2048 358 2098 δι
389 2039 509 2118 plutima
540 2059 638 2100 eorum
674 2038 779 2116 oppida
809 2041 891 2118 cepit.

211 2118 323 2180 Deinde
338 2122 369 2181 P.
383 2120 532 2185 Cornelius
545 2117 683 2188 Rufinus,
698 2119 814 2180 Manius
828 2119 892 2181 Cu·

210 2201 266 2260 'aius
291 2202 451 2273 Dentatus,
480 2200 568 2260 ambo
598 2197 764 2273 Consules,
794 2221 893 2262 contra

212 2281 354 2341 Samnitas
368 2285 462 2353 missi,
477 2283 637 2365 ingentibus
650 2283 754 2361 proeliis
766 2303 814 2342 eos
828 2305 893 2344 con-

211 2360 311 2422 fecdre.
337 2363 415 2422 Tum
439 2363 544 2422 bellum
565 2383 630 2422 cum
651 2363 824 2422 Samnitibus
864 2385 893 2422 et

212 2463 302 2502 annos
319 2449 424 2505 noveni
445 2444 596 2525 &quadra
618 2446 677 2504 inta
697 2444 826 2506 aetuans
881 2478 896 2492 ·

212 2524 324 2594 lerunt;
346 2547 381 2585 ne
403 2546 436 2584 ue
458 2525 529 2584 ullus
552 2465 638 2584 hollis
663 2524 717 2584 fuit
736 2527 807 2586 intra
828 2526 891 2586 Ita-

211 2605 302 2673 liam,
321 2609 371 2686 qui
382 2548 551 2670 llomanam
566 2609 698 2666 virtutem
716 2609 808 2690 magis
825 2606 895 2668 fati·

211 2705 330 2768 gavent.
688 2734 689 2737 ,

255 2767 292 2832 X,
315 2767 468 2848 Interjedlis
490 2770 599 2852 aliquot
617 2769 717 2840 annis,
745 2767 843 2828 iterum
863 2766 892 2827 se

213 2847 364 2910 Gallorum
377 2853 484 2934 eopiae,
499 2869 595 2913 contra
609 2849 755 2912 Romanos
769 2897 778 2922 ,
790 2847 892 2911 Tuscis
