2060 3662
217 317 261 364 ιο
385 295 700 366 Eurnonzi

256 413 314 473 IV.
337 413 426 473 Lucio
448 414 579 474 Genucio
597 423 624 474 8<
644 413 755 490 Quinto
775 411 895 476 Servilio

215 492 412 564 Consulibus,
435 507 559 554 mortuus
582 494 620 553 est
640 483 780 555 Camillus
806 519 812 552 :
834 493 893 554 ho-

215 597 268 635 not
282 578 308 634 ei
318 574 456 635 secundus
475 574 537 654 post
552 575 708 634 Romulum
725 576 831 636 delatus
846 575 894 636 e'st.

255 657 294 715 V.
317 657 399 716 Titus
434 657 568 734 Quintius
601 657 731 716 Dislator
767 656 896 724 adversus

216 735 342 808 Gallos,
369 739 418 818 qui
438 740 468 796 in
488 737 600 796 ltaliam
620 737 775 810 venerant‘,
801 735 895 797 missus

215 815 263 877 est.
293 818 335 877 Hi
362 819 398 878 ab
424 817 504 880 Urbe
531 837 631 898 quarto
661 819 795 878 milliario
820 838 897 878 trans

215 899 357 958 Anienem
376 901 493 958 fluuium
517 897 707 959 consederant.
735 899 896 960 Nobilissi-

215 995 279 1039 mus
304 979 339 1040 de
363 980 543 1040 Senatotibus
569 982 677 1060 juvenis
697 979 780 1039 Titus
803 979 896 1041 Mau·

216 1061 293 1131 lius,
314 1073 515 1140 provocantem
533 1060 676 1132 Gallum,
699 1061 735 1120 ad
757 1064 799 1120 sin
821 1062 898 1210 unare

217 1155 359 1201 certamen
388 1137 540 1225 progressus
569 1142 675 1201 occidit
698 1165 704 1198 ε
729 1150 757 1201 &
800 1144 899 1220 ublto

217 1241 316 1303 torque
337 1243 445 1293 aureo,
468 1222 598 1303 colloque
618 1221 668 1282 suo
687 1223 845 1302 imposito,
870 1225 900 1284 in

219 1321 382 1384 perpetuum
401 1304 543 1384 Torquati
562 1326 578 1363 a
601 1302 714 1384 posteris
737 1295 900 1386 cognomln

220 1387 337 1464 accepit.
355 1384 435 1446 Galli
448 1384 540 1468 fugati
553 1383 617 1444 sunt
632 1408 638 1442 ι
654 1405 722 1443 mox
734 1397 781 1464 pet'
792 1385 900 1446 Caluum

220 1466 377 1544 Sulpicium
405 1467 581 1526 Dislat'orem
609 1469 694 1524 etiam
721 1467 799 1525 viui.
829 1467 900 1528 Non

222 1547 313 1608 multo
345 1544 406 1626 post
433 1545 449 1606 *a
475 1546 551 1607 Calo
577 1548 690 1607 Marcio
715 1545 804 1606 Tusci
831 1551 901 1609 viui

220 1627 307 1700 sum3
334 1637 361 1688 &
385 1631 451 1688 osio
477 1629 567 1688 millia
596 1629 770 1709 captivorum
796 1649 829 1687 ex
857 1627 901 1690 his

220 1711 251 1769 in
268 1706 440 1788 triumphum
458 1708 543 1769 duni.

260 1790 319 1849 Vl.
342 1788 452 1850 Census
468 1789 567 1850 iterum
587 1788 697 1850 habitus
709 1788 762 1850 est.
778 1791 816 1850 Et
835 1789 899 1852 olm

222 1872 342 1942 Latini,
357 1873 411 2010 l{ui
425 1869 592 1931 lRomanis
606 1869 714 1941 subauli
731 1891 828 1942 erant,
849 1875 903 1932 mi-

221 1953 285 2012 lites
302 1973 356 2032 ptae
381 1973 425 2012 are
444 1953 572 2022 nollent,
589 1973 622 2011 ex
636 1951 774 2012 Romanis
791 1951 902 2013 tannim

222 2035 325 2094 tirones
347 2033 412 2093 lesti
433 2031 520 2104 sunt,
545 2032 680 2114 fusteque
701 2034 726 2092 le
748 2035 826 2094 iones
846 2035 901 2093 de·-

223 2136 285 2174 cem
301 2139 307 2172 :
322 2117 372 2196 qui
386 2113 487 2174 modus
506 2113 673 2197 sexaginta,
696 2055 747 2173 vel
757 2113 876 2196 amplius
890 2141 902 2186 ,·

224 2215 397 2256 armatorum
417 2197 507 2256 millia
527 2195 672 2254 efficiebat.
685 2195 789 2256 ·Parvis
810 2193 903 2256 adhuc

222 2277 361 2336 Romanis
381 2277 481 2347 rebus,
507 2295 586 2335 tanta
609 2296 704 2335 tamen
722 2278 751 2334 in
772 2297 803 2334 re
819 2278 903 2336 mili·

223 2359 278 2416 tari
300 2359 386 2418 virtus
407 2356 483 2416 etatl
497 2357 569 2433 Qua
586 2353 650 2416 ctlm
670 2355 800 2436 proseslae
818 2355 906 2418 essent

225 2436 353 2498 adversus
375 2437 503 2507 Gallos,
528 2436 597 2496 duce
620 2439 710 2498 Lucio
733 2438 817 2497 Furio
837 2439 904 2500 Ca-

225 2519 332 2588 millo,
353 2517 471 2599 quidam
485 2539 518 2578 ex
535 2517 628 2580 Gallis
646 2539 734 2578 unum
753 2540 786 2578 ex
797 2519 907 2580 Roma·

225 2602 293 2670 nis,
313 2600 362 2680 qui
382 2595 446 2658 esset
467 2601 612 2680 optimus,
634 2602 807 2680 provocavit.
827 2599 907 2661 Ttim

226 2679 257 2741 se
277 2681 390 2740 Marcus
403 2680 533 2742 Valerius
546 2681 688 2740 Tribunus
701 2677 830 2740 Militum
850 2684 908 2741 ob·

226 2762 312 2820 tulit:
329 2770 377 2832 &,
402 2759 465 2820 culm
487 2758 655 2841 processisset
671 2781 816 2834 armatus,
838 2785 905 2822 cot-

227 2863 278 2903 vus
292 2842 318 2904 ei
336 2840 416 2924 supra
433 2843 560 2906 dexmun
574 2839 720 2904 brachium
736 2841 815 2905 sedit.
831 2845 908 2908 Mox
