<?xml version="1.0" encoding="UTF-8"?>
<!DOCTYPE html PUBLIC "-//W3C//DTD XHTML 1.0 Transitional//EN"
    "http://www.w3.org/TR/xhtml1/DTD/xhtml1-transitional.dtd">
<html xmlns="http://www.w3.org/1999/xhtml" xml:lang="en" lang="en">
 <head>
  <title>
</title>
<meta http-equiv="Content-Type" content="text/html;charset=utf-8" />
  <meta name='ocr-system' content='tesseract 3.04.00' />
  <meta name='ocr-capabilities' content='ocr_page ocr_carea ocr_par ocr_line ocrx_word'/>
</head>
<body>
  <div class='ocr_page' id='page_1' title='image "./eutropiisextaur00victgoog_0051.png"; bbox 0 0 2060 3662; ppageno 0'>
   <div class='ocr_carea' id='block_1_1' title="bbox 224 295 721 385">
    <p class='ocr_par' dir='ltr' id='par_1_1' title="bbox 224 295 721 385">
     <span class='ocr_line' id='line_1_1' title="bbox 224 295 721 385; baseline 0 -21"><span class='ocrx_word' id='word_1_1' title='bbox 224 323 269 385; x_wconf 83' lang='lat'>42</span> <span class='ocrx_word' id='word_1_2' title='bbox 407 295 721 368; x_wconf 77' lang='lat' dir='ltr'>Euanoatr</span> 
     </span>
    </p>
   </div>
   <div class='ocr_carea' id='block_1_2' title="bbox 217 411 913 1554">
    <p class='ocr_par' dir='ltr' id='par_1_2' title="bbox 217 411 913 1308">
     <span class='ocr_line' id='line_1_2' title="bbox 222 411 913 497; baseline 0.004 -22"><span class='ocrx_word' id='word_1_3' title='bbox 222 436 321 496; x_wconf 88' lang='lat' dir='ltr'>pacem</span> <span class='ocrx_word' id='word_1_4' title='bbox 348 413 365 475; x_wconf 68' lang='lat' dir='ltr'>*a</span> <span class='ocrx_word' id='word_1_5' title='bbox 388 415 520 497; x_wconf 85' lang='lat' dir='ltr'>Scipione</span> <span class='ocrx_word' id='word_1_6' title='bbox 545 419 701 496; x_wconf 75' lang='lat' dir='ltr'>petiverunt</span> <span class='ocrx_word' id='word_1_7' title='bbox 720 435 728 472; x_wconf 77' lang='lat' dir='ltr'>r</span> <span class='ocrx_word' id='word_1_8' title='bbox 751 416 840 476; x_wconf 89' lang='lat' dir='ltr'>abeo</span> <span class='ocrx_word' id='word_1_9' title='bbox 865 411 913 478; x_wconf 83' lang='lat' dir='ltr'>ad</span> 
     </span>
     <span class='ocr_line' id='line_1_3' title="bbox 224 496 912 581; baseline 0.003 -24"><span class='ocrx_word' id='word_1_10' title='bbox 224 497 358 558; x_wconf 87' lang='lat' dir='ltr'>Senatum</span> <span class='ocrx_word' id='word_1_11' title='bbox 372 497 498 556; x_wconf 86' lang='lat' dir='ltr'>Romam</span> <span class='ocrx_word' id='word_1_12' title='bbox 517 499 595 556; x_wconf 90' lang='lat' dir='ltr'>missi</span> <span class='ocrx_word' id='word_1_13' title='bbox 612 496 676 556; x_wconf 85' lang='lat' dir='ltr'>sunt</span> <span class='ocrx_word' id='word_1_14' title='bbox 691 521 699 554; x_wconf 80' lang='lat' dir='ltr'>t</span> <span class='ocrx_word' id='word_1_15' title='bbox 715 498 912 581; x_wconf 85' lang='lat' dir='ltr'>quadraginta</span> 
     </span>
     <span class='ocr_line' id='line_1_4' title="bbox 223 577 911 660; baseline 0 -22"><span class='ocrx_word' id='word_1_16' title='bbox 223 581 347 660; x_wconf 90' lang='lat' dir='ltr'>quinque</span> <span class='ocrx_word' id='word_1_17' title='bbox 361 578 418 638; x_wconf 88' lang='lat' dir='ltr'>dies</span> <span class='ocrx_word' id='word_1_18' title='bbox 432 577 475 639; x_wconf 85' lang='lat' dir='ltr'>his</span> <span class='ocrx_word' id='word_1_19' title='bbox 488 579 606 638; x_wconf 87' lang='lat' dir='ltr'>induciae</span> <span class='ocrx_word' id='word_1_20' title='bbox 620 579 690 638; x_wconf 85' lang='lat' dir='ltr'>datae</span> <span class='ocrx_word' id='word_1_21' title='bbox 705 577 785 650; x_wconf 90' lang='lat' dir='ltr'>sunt,</span> <span class='ocrx_word' id='word_1_22' title='bbox 799 578 911 660; x_wconf 81' lang='lat' dir='ltr'>quous-</span> 
     </span>
     <span class='ocr_line' id='line_1_5' title="bbox 224 655 911 742; baseline 0.001 -24"><span class='ocrx_word' id='word_1_23' title='bbox 224 681 279 740; x_wconf 90' lang='lat' dir='ltr'>que</span> <span class='ocrx_word' id='word_1_24' title='bbox 299 661 425 720; x_wconf 83' lang='lat' dir='ltr'><strong>Romam</strong></span> <span class='ocrx_word' id='word_1_25' title='bbox 443 662 481 720; x_wconf 88' lang='lat' dir='ltr'>ire</span> <span class='ocrx_word' id='word_1_26' title='bbox 496 669 522 720; x_wconf 78' lang='grc' dir='ltr'>δι</span> <span class='ocrx_word' id='word_1_27' title='bbox 541 660 649 742; x_wconf 81' lang='lat' dir='ltr'><strong>regredi</strong></span> <span class='ocrx_word' id='word_1_28' title='bbox 664 655 771 740; x_wconf 78' lang='lat' dir='ltr'>pollent</span> <span class='ocrx_word' id='word_1_29' title='bbox 786 683 793 717; x_wconf 75' lang='grc' dir='ltr'><strong>ε</strong></span> <span class='ocrx_word' id='word_1_30' title='bbox 809 669 836 720; x_wconf 88' lang='lat'>&amp;</span> <span class='ocrx_word' id='word_1_31' title='bbox 853 663 911 719; x_wconf 86' lang='lat' dir='ltr'>tri-</span> 
     </span>
     <span class='ocr_line' id='line_1_6' title="bbox 225 739 908 824; baseline 0.004 -26"><span class='ocrx_word' id='word_1_32' title='bbox 225 743 305 822; x_wconf 86' lang='lat' dir='ltr'>ginta</span> <span class='ocrx_word' id='word_1_33' title='bbox 324 741 415 800; x_wconf 90' lang='lat' dir='ltr'>millia</span> <span class='ocrx_word' id='word_1_34' title='bbox 434 741 531 822; x_wconf 89' lang='lat' dir='ltr'>pondo</span> <span class='ocrx_word' id='word_1_35' title='bbox 549 744 658 824; x_wconf 82' lang='lat' dir='ltr'>argenti</span> <span class='ocrx_word' id='word_1_36' title='bbox 674 743 710 801; x_wconf 91' lang='lat' dir='ltr'>ab</span> <span class='ocrx_word' id='word_1_37' title='bbox 726 739 770 801; x_wconf 84' lang='lat' dir='ltr'>his</span> <span class='ocrx_word' id='word_1_38' title='bbox 789 760 908 822; x_wconf 81' lang='lat' dir='ltr'>accepta</span> 
     </span>
     <span class='ocr_line' id='line_1_7' title="bbox 223 818 907 902; baseline 0.001 -21"><span class='ocrx_word' id='word_1_39' title='bbox 223 818 429 882; x_wconf 58' lang='lat' dir='ltr'>suntlSenatus</span> <span class='ocrx_word' id='word_1_40' title='bbox 453 843 487 882; x_wconf 84' lang='lat' dir='ltr'>ex</span> <span class='ocrx_word' id='word_1_41' title='bbox 509 822 624 888; x_wconf 88' lang='lat' dir='ltr'>arbitrio</span> <span class='ocrx_word' id='word_1_42' title='bbox 642 823 781 902; x_wconf 84' lang='lat' dir='ltr'>Scipionis</span> <span class='ocrx_word' id='word_1_43' title='bbox 804 842 907 902; x_wconf 84' lang='lat' dir='ltr'>pacem</span> 
     </span>
     <span class='ocr_line' id='line_1_8' title="bbox 222 901 907 983; baseline 0 -21"><span class='ocrx_word' id='word_1_44' title='bbox 222 905 387 983; x_wconf 75' lang='lat' dir='ltr'>jussiacum</span> <span class='ocrx_word' id='word_1_45' title='bbox 409 901 517 964; x_wconf 82' lang='lat' dir='ltr'>Cartha</span> <span class='ocrx_word' id='word_1_46' title='bbox 539 903 692 964; x_wconf 86' lang='lat' dir='ltr'>iniensibus</span> <span class='ocrx_word' id='word_1_47' title='bbox 714 902 782 962; x_wconf 89' lang='lat' dir='ltr'>fieri.</span> <span class='ocrx_word' id='word_1_48' title='bbox 807 905 907 983; x_wconf 89' lang='lat' dir='ltr'>Scipio</span> 
     </span>
     <span class='ocr_line' id='line_1_9' title="bbox 224 925 907 1062; baseline 0 -20"><span class='ocrx_word' id='word_1_49' title='bbox 224 981 268 1043; x_wconf 89' lang='lat' dir='ltr'>his</span> <span class='ocrx_word' id='word_1_50' title='bbox 287 983 495 1046; x_wconf 89' lang='lat' dir='ltr'>conditionibus</span> <span class='ocrx_word' id='word_1_51' title='bbox 514 925 591 1044; x_wconf 64' lang='lat' dir='ltr'>ledit</span> <span class='ocrx_word' id='word_1_52' title='bbox 607 1009 614 1040; x_wconf 77' lang='lat' dir='ltr'>z</span> <span class='ocrx_word' id='word_1_53' title='bbox 628 986 673 1044; x_wconf 85' lang='lat' dir='ltr'>Ne</span> <span class='ocrx_word' id='word_1_54' title='bbox 691 981 809 1060; x_wconf 75' lang='lat' dir='ltr'>amplius</span> <span class='ocrx_word' id='word_1_55' title='bbox 822 985 907 1062; x_wconf 69' lang='lat' dir='ltr'>qulam</span> 
     </span>
     <span class='ocr_line' id='line_1_10' title="bbox 224 1065 908 1144; baseline 0.001 -21"><span class='ocrx_word' id='word_1_56' title='bbox 224 1066 340 1143; x_wconf 77' lang='lat' dir='ltr'>triginta</span> <span class='ocrx_word' id='word_1_57' title='bbox 358 1088 443 1127; x_wconf 74' lang='lat' dir='ltr'>nattes</span> <span class='ocrx_word' id='word_1_58' title='bbox 460 1065 609 1136; x_wconf 77' lang='lat' dir='ltr'>baberent,</span> <span class='ocrx_word' id='word_1_59' title='bbox 629 1085 659 1124; x_wconf 90' lang='lat' dir='ltr'>ut</span> <span class='ocrx_word' id='word_1_60' title='bbox 677 1067 823 1144; x_wconf 79' lang='lat' dir='ltr'>quingenta</span> <span class='ocrx_word' id='word_1_61' title='bbox 841 1065 908 1125; x_wconf 84' lang='lat' dir='ltr'>mil-</span> 
     </span>
     <span class='ocr_line' id='line_1_11' title="bbox 224 1143 904 1226; baseline 0.003 -21"><span class='ocrx_word' id='word_1_62' title='bbox 224 1148 266 1205; x_wconf 86' lang='lat' dir='ltr'>lia</span> <span class='ocrx_word' id='word_1_63' title='bbox 282 1151 373 1221; x_wconf 83' lang='lat' dir='ltr'>pondo</span> <span class='ocrx_word' id='word_1_64' title='bbox 390 1149 496 1226; x_wconf 79' lang='lat' dir='ltr'>argenti</span> <span class='ocrx_word' id='word_1_65' title='bbox 510 1151 628 1217; x_wconf 84' lang='lat' dir='ltr'>darent,</span> <span class='ocrx_word' id='word_1_66' title='bbox 651 1146 775 1222; x_wconf 79' lang='lat' dir='ltr'>captivos</span> <span class='ocrx_word' id='word_1_67' title='bbox 795 1143 822 1206; x_wconf 64' lang='grc' dir='ltr'>Ε*</span> <span class='ocrx_word' id='word_1_68' title='bbox 835 1170 904 1222; x_wconf 84' lang='lat' dir='ltr'>per-</span> 
     </span>
     <span class='ocr_line' id='line_1_12' title="bbox 217 1229 466 1308; baseline 0.008 -22"><span class='ocrx_word' id='word_1_69' title='bbox 217 1229 304 1308; x_wconf 79' lang='lat' dir='ltr'>fieges</span> <span class='ocrx_word' id='word_1_70' title='bbox 322 1231 466 1288; x_wconf 78' lang='lat' dir='ltr'>redderent.</span> 
     </span>
    </p>

    <p class='ocr_par' dir='ltr' id='par_1_3' title="bbox 225 1304 908 1554">
     <span class='ocr_line' id='line_1_13' title="bbox 267 1304 908 1370; baseline 0.003 -3"><span class='ocrx_word' id='word_1_71' title='bbox 267 1309 377 1370; x_wconf 90' lang='lat' dir='ltr'><strong>XXII.</strong></span> <span class='ocrx_word' id='word_1_72' title='bbox 399 1308 516 1368; x_wconf 85' lang='lat' dir='ltr'>Interim</span> <span class='ocrx_word' id='word_1_73' title='bbox 537 1304 701 1369; x_wconf 84' lang='lat' dir='ltr'>Hannibale</span> <span class='ocrx_word' id='word_1_74' title='bbox 717 1309 848 1368; x_wconf 74' lang='lat' dir='ltr'>veniente</span> <span class='ocrx_word' id='word_1_75' title='bbox 871 1306 908 1369; x_wconf 83' lang='lat' dir='ltr'>ad</span> 
     </span>
     <span class='ocr_line' id='line_1_14' title="bbox 225 1387 908 1469; baseline 0.001 -21"><span class='ocrx_word' id='word_1_76' title='bbox 225 1387 375 1464; x_wconf 83' lang='lat' dir='ltr'>Africam,</span> <span class='ocrx_word' id='word_1_77' title='bbox 399 1411 452 1469; x_wconf 85' lang='lat' dir='ltr'>pax</span> <span class='ocrx_word' id='word_1_78' title='bbox 470 1391 580 1450; x_wconf 86' lang='lat' dir='ltr'>turbata</span> <span class='ocrx_word' id='word_1_79' title='bbox 598 1387 661 1460; x_wconf 89' lang='lat' dir='ltr'>est,</span> <span class='ocrx_word' id='word_1_80' title='bbox 680 1389 769 1448; x_wconf 90' lang='lat' dir='ltr'>multa</span> <span class='ocrx_word' id='word_1_81' title='bbox 794 1387 908 1450; x_wconf 89' lang='lat' dir='ltr'>hostilia</span> 
     </span>
     <span class='ocr_line' id='line_1_15' title="bbox 227 1467 908 1554; baseline 0 -24"><span class='ocrx_word' id='word_1_82' title='bbox 227 1472 264 1531; x_wconf 87' lang='lat' dir='ltr'>ab</span> <span class='ocrx_word' id='word_1_83' title='bbox 285 1467 361 1532; x_wconf 85' lang='lat' dir='ltr'>Afris</span> <span class='ocrx_word' id='word_1_84' title='bbox 384 1469 459 1531; x_wconf 68' lang='lat' dir='ltr'>facia</span> <span class='ocrx_word' id='word_1_85' title='bbox 478 1468 564 1541; x_wconf 84' lang='lat' dir='ltr'>sunt3</span> <span class='ocrx_word' id='word_1_86' title='bbox 584 1471 671 1554; x_wconf 86' lang='lat' dir='ltr'>legati</span> <span class='ocrx_word' id='word_1_87' title='bbox 695 1490 791 1530; x_wconf 90' lang='lat' dir='ltr'>tamen</span> <span class='ocrx_word' id='word_1_88' title='bbox 810 1491 908 1530; x_wconf 91' lang='lat' dir='ltr'>eorum</span> 
     </span>
    </p>
   </div>
   <div class='ocr_carea' id='block_1_3' title="bbox 99 1550 908 1631">
    <p class='ocr_par' dir='ltr' id='par_1_4' title="bbox 99 1550 908 1631">
     <span class='ocr_line' id='line_1_16' title="bbox 99 1550 908 1631; baseline -0.001 -19"><span class='ocrx_word' id='word_1_89' title='bbox 99 1606 103 1623; x_wconf 78' lang='grc'><em>,</em></span> <span class='ocrx_word' id='word_1_90' title='bbox 147 1607 149 1612; x_wconf 81' lang='grc'>,</span> <span class='ocrx_word' id='word_1_91' title='bbox 228 1551 355 1614; x_wconf 82' lang='lat' dir='ltr'>eerbe</span> <span class='ocrx_word' id='word_1_92' title='bbox 371 1555 536 1624; x_wconf 83' lang='lat' dir='ltr'>venientes,</span> <span class='ocrx_word' id='word_1_93' title='bbox 557 1550 721 1611; x_wconf 63' lang='lat' dir='ltr'>xaRomanis</span> <span class='ocrx_word' id='word_1_94' title='bbox 735 1555 810 1631; x_wconf 92' lang='lat' dir='ltr'>capti</span> <span class='ocrx_word' id='word_1_95' title='bbox 824 1551 908 1624; x_wconf 88' lang='lat' dir='ltr'>sunt,</span> 
     </span>
    </p>
   </div>
   <div class='ocr_carea' id='block_1_4' title="bbox 228 1630 981 2934">
    <p class='ocr_par' dir='ltr' id='par_1_5' title="bbox 228 1630 981 2934">
     <span class='ocr_line' id='line_1_17' title="bbox 228 1630 912 1714; baseline -0.003 -20"><span class='ocrx_word' id='word_1_96' title='bbox 228 1643 256 1694; x_wconf 91' lang='lat'>&amp;</span> <span class='ocrx_word' id='word_1_97' title='bbox 268 1634 383 1712; x_wconf 83' lang='lat' dir='ltr'>jubente</span> <span class='ocrx_word' id='word_1_98' title='bbox 396 1633 528 1714; x_wconf 88' lang='lat' dir='ltr'>Scipione</span> <span class='ocrx_word' id='word_1_99' title='bbox 541 1633 658 1692; x_wconf 87' lang='lat' dir='ltr'>dimissi.</span> <span class='ocrx_word' id='word_1_100' title='bbox 677 1630 825 1692; x_wconf 83' lang='lat' dir='ltr'>Hannibal</span> <span class='ocrx_word' id='word_1_101' title='bbox 840 1653 912 1714; x_wconf 80' lang='lat' dir='ltr'>quo·</span> 
     </span>
     <span class='ocr_line' id='line_1_18' title="bbox 229 1712 910 1796; baseline 0.001 -23"><span class='ocrx_word' id='word_1_102' title='bbox 229 1734 284 1796; x_wconf 88' lang='lat' dir='ltr'>que</span> <span class='ocrx_word' id='word_1_103' title='bbox 300 1712 491 1796; x_wconf 84' lang='lat' dir='ltr'>frequentibus</span> <span class='ocrx_word' id='word_1_104' title='bbox 505 1717 603 1796; x_wconf 83' lang='lat' dir='ltr'>praeliis</span> <span class='ocrx_word' id='word_1_105' title='bbox 615 1716 706 1774; x_wconf 72' lang='lat' dir='ltr'>ricius</span> <span class='ocrx_word' id='word_1_106' title='bbox 723 1712 739 1772; x_wconf 66' lang='lat' dir='ltr'>*a</span> <span class='ocrx_word' id='word_1_107' title='bbox 756 1715 910 1794; x_wconf 87' lang='lat' dir='ltr'>Scipione,</span> 
     </span>
     <span class='ocr_line' id='line_1_19' title="bbox 229 1792 911 1876; baseline 0.001 -22"><span class='ocrx_word' id='word_1_108' title='bbox 229 1797 310 1876; x_wconf 91' lang='lat' dir='ltr'>petiit</span> <span class='ocrx_word' id='word_1_109' title='bbox 332 1797 417 1856; x_wconf 88' lang='lat' dir='ltr'>etiam</span> <span class='ocrx_word' id='word_1_110' title='bbox 433 1796 490 1876; x_wconf 89' lang='lat' dir='ltr'>ipse</span> <span class='ocrx_word' id='word_1_111' title='bbox 505 1817 613 1876; x_wconf 81' lang='lat' dir='ltr'>pacem.</span> <span class='ocrx_word' id='word_1_112' title='bbox 632 1792 710 1856; x_wconf 84' lang='lat' dir='ltr'>Ctim</span> <span class='ocrx_word' id='word_1_113' title='bbox 730 1795 911 1856; x_wconf 78' lang='lat' dir='ltr'>ventum-es·</span> 
     </span>
     <span class='ocr_line' id='line_1_20' title="bbox 230 1873 910 1958; baseline 0.001 -22"><span class='ocrx_word' id='word_1_114' title='bbox 230 1873 273 1936; x_wconf 88' lang='lat' dir='ltr'>set</span> <span class='ocrx_word' id='word_1_115' title='bbox 296 1875 332 1936; x_wconf 92' lang='lat' dir='ltr'>ad</span> <span class='ocrx_word' id='word_1_116' title='bbox 359 1878 554 1958; x_wconf 88' lang='lat' dir='ltr'>colloquium,</span> <span class='ocrx_word' id='word_1_117' title='bbox 576 1876 676 1937; x_wconf 89' lang='lat' dir='ltr'>iisdem</span> <span class='ocrx_word' id='word_1_118' title='bbox 696 1875 910 1938; x_wconf 89' lang='lat' dir='ltr'>conditionibus</span> 
     </span>
     <span class='ocr_line' id='line_1_21' title="bbox 230 1955 913 2041; baseline 0.006 -25"><span class='ocrx_word' id='word_1_119' title='bbox 230 1957 296 2028; x_wconf 82' lang='lat' dir='ltr'>data</span> <span class='ocrx_word' id='word_1_120' title='bbox 317 1955 377 2029; x_wconf 88' lang='lat' dir='ltr'>est,</span> <span class='ocrx_word' id='word_1_121' title='bbox 395 1959 495 2039; x_wconf 87' lang='lat' dir='ltr'>quibus</span> <span class='ocrx_word' id='word_1_122' title='bbox 516 1957 612 2039; x_wconf 82' lang='lat' dir='ltr'>priris:</span> <span class='ocrx_word' id='word_1_123' title='bbox 633 1958 729 2017; x_wconf 85' lang='lat' dir='ltr'>addita</span> <span class='ocrx_word' id='word_1_124' title='bbox 749 1961 913 2041; x_wconf 85' lang='lat' dir='ltr'>quingentis</span> 
     </span>
     <span class='ocr_line' id='line_1_22' title="bbox 231 2039 911 2124; baseline 0 -24"><span class='ocrx_word' id='word_1_125' title='bbox 231 2039 356 2100; x_wconf 86' lang='lat' dir='ltr'>millibus</span> <span class='ocrx_word' id='word_1_126' title='bbox 376 2039 472 2121; x_wconf 88' lang='lat' dir='ltr'>pondo</span> <span class='ocrx_word' id='word_1_127' title='bbox 494 2042 603 2124; x_wconf 86' lang='lat' dir='ltr'>argenti</span> <span class='ocrx_word' id='word_1_128' title='bbox 624 2059 735 2099; x_wconf 91' lang='lat' dir='ltr'>centum</span> <span class='ocrx_word' id='word_1_129' title='bbox 757 2041 846 2100; x_wconf 89' lang='lat' dir='ltr'>millia</span> <span class='ocrx_word' id='word_1_130' title='bbox 870 2041 911 2100; x_wconf 85' lang='lat' dir='ltr'>li-</span> 
     </span>
     <span class='ocr_line' id='line_1_23' title="bbox 230 2115 911 2202; baseline 0.001 -23"><span class='ocrx_word' id='word_1_131' title='bbox 230 2121 368 2192; x_wconf 86' lang='lat' dir='ltr'>brarum,</span> <span class='ocrx_word' id='word_1_132' title='bbox 391 2141 502 2202; x_wconf 89' lang='lat' dir='ltr'>propter</span> <span class='ocrx_word' id='word_1_133' title='bbox 523 2141 628 2182; x_wconf 87' lang='lat' dir='ltr'>novam</span> <span class='ocrx_word' id='word_1_134' title='bbox 650 2115 804 2202; x_wconf 86' lang='lat' dir='ltr'>perfidiam.</span> <span class='ocrx_word' id='word_1_135' title='bbox 832 2121 911 2182; x_wconf 91' lang='lat' dir='ltr'>Car-</span> 
     </span>
     <span class='ocr_line' id='line_1_24' title="bbox 230 2199 912 2283; baseline 0 -21"><span class='ocrx_word' id='word_1_136' title='bbox 230 2199 455 2283; x_wconf 75' lang='lat' dir='ltr'>thaginiensibus</span> <span class='ocrx_word' id='word_1_137' title='bbox 484 2203 659 2263; x_wconf 88' lang='lat' dir='ltr'>conditiones</span> <span class='ocrx_word' id='word_1_138' title='bbox 688 2199 912 2282; x_wconf 82' lang='lat' dir='ltr'>displicuemnt,</span> 
     </span>
     <span class='ocr_line' id='line_1_25' title="bbox 230 2267 912 2366; baseline 0.001 -25"><span class='ocrx_word' id='word_1_139' title='bbox 230 2267 417 2364; x_wconf 78' lang='lat' dir='ltr'>juileruntque</span> <span class='ocrx_word' id='word_1_140' title='bbox 440 2283 633 2343; x_wconf 81' lang='lat' dir='ltr'>Hannibalem</span> <span class='ocrx_word' id='word_1_141' title='bbox 657 2305 790 2366; x_wconf 88' lang='lat' dir='ltr'>pugnare.</span> <span class='ocrx_word' id='word_1_142' title='bbox 817 2283 912 2343; x_wconf 82' lang='lat' dir='ltr'>Infer-</span> 
     </span>
     <span class='ocr_line' id='line_1_26' title="bbox 233 2361 915 2447; baseline 0.001 -24"><span class='ocrx_word' id='word_1_143' title='bbox 233 2382 277 2423; x_wconf 89' lang='lat' dir='ltr'>tur</span> <span class='ocrx_word' id='word_1_144' title='bbox 292 2361 307 2422; x_wconf 64' lang='lat' dir='ltr'>‘a</span> <span class='ocrx_word' id='word_1_145' title='bbox 321 2363 452 2444; x_wconf 85' lang='lat' dir='ltr'>Scipione</span> <span class='ocrx_word' id='word_1_146' title='bbox 469 2373 496 2424; x_wconf 75' lang='grc' dir='ltr'>δι</span> <span class='ocrx_word' id='word_1_147' title='bbox 509 2363 683 2434; x_wconf 83' lang='lat' dir='ltr'>Masinissai,</span> <span class='ocrx_word' id='word_1_148' title='bbox 699 2365 756 2424; x_wconf 90' lang='lat' dir='ltr'>alio</span> <span class='ocrx_word' id='word_1_149' title='bbox 772 2385 837 2447; x_wconf 86' lang='lat' dir='ltr'>rege</span> <span class='ocrx_word' id='word_1_150' title='bbox 851 2365 915 2424; x_wconf 86' lang='lat' dir='ltr'>Nu-</span> 
     </span>
     <span class='ocr_line' id='line_1_27' title="bbox 232 2444 915 2526; baseline 0.003 -24"><span class='ocrx_word' id='word_1_151' title='bbox 232 2444 399 2514; x_wconf 88' lang='lat' dir='ltr'>midarum,</span> <span class='ocrx_word' id='word_1_152' title='bbox 422 2447 471 2526; x_wconf 90' lang='lat' dir='ltr'>qui</span> <span class='ocrx_word' id='word_1_153' title='bbox 502 2447 657 2505; x_wconf 90' lang='lat' dir='ltr'>amicitiam</span> <span class='ocrx_word' id='word_1_154' title='bbox 687 2467 751 2504; x_wconf 89' lang='lat' dir='ltr'>cum</span> <span class='ocrx_word' id='word_1_155' title='bbox 781 2446 915 2525; x_wconf 91' lang='lat' dir='ltr'>Scipione</span> 
     </span>
     <span class='ocr_line' id='line_1_28' title="bbox 234 2524 981 2610; baseline 0.003 -26"><span class='ocrx_word' id='word_1_156' title='bbox 234 2524 358 2596; x_wconf 85' lang='lat' dir='ltr'>fecerat,</span> <span class='ocrx_word' id='word_1_157' title='bbox 380 2524 552 2610; x_wconf 83' lang='lat' dir='ltr'>Carthagini</span> <span class='ocrx_word' id='word_1_158' title='bbox 565 2525 680 2585; x_wconf 63' lang='lat' dir='ltr'>bellum·</span> <span class='ocrx_word' id='word_1_159' title='bbox 701 2526 848 2586; x_wconf 89' lang='lat' dir='ltr'>Hannibal</span> <span class='ocrx_word' id='word_1_160' title='bbox 861 2547 915 2586; x_wconf 89' lang='lat' dir='ltr'>tres</span> <span class='ocrx_word' id='word_1_161' title='bbox 977 2593 981 2599; x_wconf 75' lang='lat'>,</span> 
     </span>
     <span class='ocr_line' id='line_1_29' title="bbox 234 2606 914 2688; baseline 0.003 -24"><span class='ocrx_word' id='word_1_162' title='bbox 234 2606 421 2686; x_wconf 86' lang='lat' dir='ltr'>exploratores</span> <span class='ocrx_word' id='word_1_163' title='bbox 446 2607 482 2668; x_wconf 93' lang='lat' dir='ltr'>ad</span> <span class='ocrx_word' id='word_1_164' title='bbox 514 2606 655 2688; x_wconf 88' lang='lat' dir='ltr'>Scipionis</span> <span class='ocrx_word' id='word_1_165' title='bbox 685 2606 771 2667; x_wconf 89' lang='lat' dir='ltr'>castra</span> <span class='ocrx_word' id='word_1_166' title='bbox 800 2610 878 2667; x_wconf 91' lang='lat' dir='ltr'>misit</span> <span class='ocrx_word' id='word_1_167' title='bbox 906 2631 914 2666; x_wconf 83' lang='lat' dir='ltr'>t</span> 
     </span>
     <span class='ocr_line' id='line_1_30' title="bbox 232 2685 915 2769; baseline 0.004 -23"><span class='ocrx_word' id='word_1_168' title='bbox 232 2709 304 2769; x_wconf 87' lang='lat' dir='ltr'>quos</span> <span class='ocrx_word' id='word_1_169' title='bbox 328 2708 422 2768; x_wconf 92' lang='lat' dir='ltr'>captos</span> <span class='ocrx_word' id='word_1_170' title='bbox 446 2689 542 2769; x_wconf 88' lang='lat' dir='ltr'>Scipio</span> <span class='ocrx_word' id='word_1_171' title='bbox 566 2687 736 2748; x_wconf 88' lang='lat' dir='ltr'>circumduci</span> <span class='ocrx_word' id='word_1_172' title='bbox 758 2709 806 2769; x_wconf 86' lang='lat' dir='ltr'>per</span> <span class='ocrx_word' id='word_1_173' title='bbox 829 2685 915 2750; x_wconf 86' lang='lat' dir='ltr'>castra</span> 
     </span>
     <span class='ocr_line' id='line_1_31' title="bbox 233 2768 915 2851; baseline 0.001 -23"><span class='ocrx_word' id='word_1_174' title='bbox 233 2772 340 2848; x_wconf 83' lang='lat' dir='ltr'>jussit,</span> <span class='ocrx_word' id='word_1_175' title='bbox 366 2768 529 2851; x_wconf 91' lang='lat' dir='ltr'>ostendique</span> <span class='ocrx_word' id='word_1_176' title='bbox 552 2773 590 2830; x_wconf 92' lang='lat' dir='ltr'>eis</span> <span class='ocrx_word' id='word_1_177' title='bbox 615 2788 705 2829; x_wconf 89' lang='lat' dir='ltr'>totum</span> <span class='ocrx_word' id='word_1_178' title='bbox 737 2772 915 2830; x_wconf 84' lang='lat' dir='ltr'>exercitum:</span> 
     </span>
     <span class='ocr_line' id='line_1_32' title="bbox 235 2849 916 2934; baseline 0 -24"><span class='ocrx_word' id='word_1_179' title='bbox 235 2871 303 2920; x_wconf 79' lang='lat' dir='ltr'>mox</span> <span class='ocrx_word' id='word_1_180' title='bbox 328 2852 413 2912; x_wconf 87' lang='lat' dir='ltr'>etiam</span> <span class='ocrx_word' id='word_1_181' title='bbox 438 2851 586 2934; x_wconf 88' lang='lat' dir='ltr'>prandium</span> <span class='ocrx_word' id='word_1_182' title='bbox 616 2849 700 2923; x_wconf 88' lang='lat' dir='ltr'>dari,</span> <span class='ocrx_word' id='word_1_183' title='bbox 723 2852 916 2934; x_wconf 87' lang='lat' dir='ltr'>dimittique,</span> 
     </span>
    </p>
   </div>
   <div class='ocr_carea' id='block_1_5' title="bbox 0 0 1050 3662">
    <p class='ocr_par' dir='ltr' id='par_1_6' title="bbox 0 0 1050 3662">
     <span class='ocr_line' id='line_1_33' title="bbox 0 0 1050 3662; baseline 0 0"><span class='ocrx_word' id='word_1_184' title='bbox 0 0 1050 3662; x_wconf 95' lang='lat' dir='ltr'> </span> 
     </span>
    </p>
   </div>
  </div>
 </body>
</html>
