2060 3662
309 290 494 367 Lisai
543 291 608 359 IL
752 289 795 378 27

156 409 237 472 XIX.
259 409 422 492 Insequenti
437 433 537 481 anno,
557 409 676 470 Valerio
694 407 797 472 Marco

114 499 143 552 ὃ(
160 493 289 552 Otacilio
307 491 508 562 Consulibus,
533 491 562 550 in
581 491 677 552 Sicilii
697 491 713 552 *a
730 493 795 552 Ro-

113 577 207 634 manis
226 593 267 633 res
286 594 396 655 magnae
413 571 494 656 gestae
512 569 584 631 sunt.
601 566 796 634 Tauromeni-

112 657 200 726 tani,
225 651 423 726 Catanenses,
447 663 474 714 ὃ(
497 651 625 734 praeterei
649 655 718 736 quin
740 678 796 716 ua-

114 737 197 812 ginta
227 737 375 806 civitates,
402 735 432 794 iu
463 733 549 794 fidem
578 754 697 814 acceptae
720 677 797 806 sunt,

112 813 216 876 Tertio
244 837 320 876 anno
344 818 374 874 in
395 815 492 876 Sicilie
519 835 615 876 contra
639 815 797 877 Hieronem

114 898 223 958 bellum
242 915 380 978 patratum
401 895 448 956 est.
464 897 490 956 Is
511 899 673 957 cumomni
691 899 798 958 nobili-

78 1007 86 1024 ·
114 997 174 1037 tate
188 975 426 1058 Syracusanorum
445 997 543 1058 pacem
561 976 728 1038 *aRomanis
745 982 799 1040 im-

115 1061 259 1140 petravit,
280 1057 411 1140 deditque
425 1059 533 1142 argenti
547 1059 651 1119 talenta
669 1059 799 1123 ducenta.

114 1140 181 1200 Afri
206 1142 235 1200 in
257 1137 354 1200 Sicilii
375 1139 444 1200 viui
468 1139 555 1210 sunt,-
581 1149 608 1202 &
630 1139 664 1201 de
686 1139 729 1202 his
750 1141 798 1216 se-

116 1219 212 1280 cundb
230 1221 330 1282 Romae
350 1219 554 1302 triumphatum
572 1221 619 1281 est.

157 1302 228 1362 XX.
251 1303 362 1379 Quinto
387 1325 463 1362 anuo
486 1303 555 1362 belli
569 1303 693 1374 Punici,
719 1303 798 1384 quod

114 1395 215 1443 c'ontra
229 1383 315 1443 Astos
334 1383 489 1464 agebatur,
512 1381 633 1464 priuatim
649 1383 799 1460 Romani,

116 1465 155 1526 C.
172 1465 284 1526 Duillio
303 1473 330 1524 &
347 1465 404 1526 Cn.
422 1465 561 1526 Cornelio
578 1463 667 1526 Asini
683 1463 799 1526 Consu-

115 1547 215 1618 libus,
238 1549 270 1606 in
287 1547 358 1604 mati
377 1547 604 1615 dimicaverunt,
627 1549 728 1626 paratis
746 1570 799 1608 ua·
843 1596 845 1598 -

115 1628 200 1687 vibus
230 1625 384 1696 rostratis,
418 1649 487 1710 quas
518 1625 655 1686 Liburnus
684 1647 798 1690 vocant.

118 1704 232 1768 Consul
260 1707 410 1768 Cornelius
446 1707 544 1768 fraude
583 1707 649 1766 dece
669 1725 712 1768 tus
750 1707 797 1771 est.

116 1789 261 1861 Duillius,
277 1785 424 1848 commill'o
438 1790 559 1871 proelio,
578 1729 798 1873 Cartliaginieu·

115 1873 191 1930 sium
211 1870 311 1930 ducem
337 1873 428 1942 vicit,
451 1873 565 1955 triginta
589 1880 615 1930 &
641 1892 727 1930 unam
746 1895 799 1934 na-

116 1973 183 2012 vem
198 1973 228 2010 ce
247 1956 290 2022 it,
309 1952 538 2033 quatuor-decim
553 1954 670 2024 mersit,
691 1947 799 2033 septem

116 2033 209 2092 millia
228 1973 349 2092 lostium
370 2035 465 2113 cepit,
486 2036 539 2093 tria
563 2035 653 2094 millia
670 2034 798 2093 occidit:

117 2135 209 2214 nerpue
225 2115 281 2174 ulla
306 2115 423 2174 vidioria
439 2115 580 2174 Romanis
599 2116 705 2196 gratior
723 2113 799 2188 suit,

117 2195 197 2276 quod
215 2197 314 2256 inviter
334 2195 431 2266 terri,
456 2201 514 2274 jam
533 2195 618 2254 etiam
641 2197 711 2253 mari
729 2196 796 2276 plu-

116 2275 221 2336 rimdm
242 2273 358 2358 pollent.
384 2276 461 2338 Caio
477 2276 594 2360 Aquilio
615 2275 721 2348 Floro,
743 2277 800 2338 Lu-

118 2360 165 2418 cio
184 2359 230 2418 Sci
250 2360 314 2418 ione
327 2355 522 2430 Consulibus,
541 2357 637 2438 Scipio
648 2357 798 2420 Corsicam

117 2379 326 2500 &Sardiniam
346 2438 489 2509 vastavit,
514 2440 602 2498 multa
625 2439 715 2498 millia
733 2441 799 2501 inde

117 2523 294 2602 captivorum
313 2520 455 2592 abduxit,
476 2517 649 2601 triumphum
668 2523 735 2603 egit.
797 2533 801 2536 ’

159 2601 241 2662 XXI.
264 2602 297 2660 L.
318 2601 434 2660 Manlio
452 2599 606 2672 Volsone,
625 2601 671 2662 Μ.
693 2602 798 2673 Attilio

117 2681 231 2765 Regulo
255 2680 461 2752 Consulibus,
491 2682 598 2741 bellum
621 2683 651 2741 in
670 2681 796 2742 Africam

117 2765 279 2824 transsatum
298 2761 336 2821 est
353 2787 358 2819 :
377 2781 473 2824 contra
487 2763 681 2830 Hamilcarem
696 2809 705 2834 ,
722 2763 798 2824 Car-¹

118 2842 339 2928 rhaginiensium
353 2843 475 2917 ducem,
493 2847 523 2906 in
537 2847 795 2984 mnrilpugnatum,

586 2990 589 2995 .
656 2948 675 3005 u
