2106 3666
281 309 634 368 arrroma
725 320 830 390 ,m-

115 419 279 487 ximarum3
300 426 328 477 &
349 436 426 476 terrae
444 433 536 479 motus
553 421 645 558 ffivis
660 435 707 498 per
721 439 792 500 pro-

115 501 222 560 vincias
237 498 359 569 multas,
374 517 508 579 atroxque
525 519 558 579 pe
584 501 589 512 ’
604 503 678 560 entia
692 497 796 559 farnes-

117 589 215 662 que&
234 579 366 640 incendia
383 579 458 640 falla
477 577 548 640 sunt.
568 580 679 658 Quibus
692 583 793 640 omni-

116 662 168 722 bus
184 661 325 741 Trajanus
340 683 388 743 per
405 661 541 743 exquisita
560 662 683 722 remedia
703 663 794 744 pluri-

116 741 196 802 nuim
212 741 366 822 opitulatus
386 739 425 801 est
437 749 448 813 ⁸,
470 739 611 814 statuens,
631 765 666 804 ne
686 743 795 803 dorno-

60 862 62 867 ,
114 845 178 884 rum
203 823 322 884 altitudo
349 821 494 907 sexaginta
520 821 658 904 superaret
682 825 797 905 pedes,

117 905 158 965 ob
172 906 266 966 ruinas
283 903 401 977 faciles,
423 914 451 966 δι
470 903 618 985 sumptus,
637 907 660 965 si
680 904 797 987 quando

118 987 187 1046 talia
208 991 427 1068 contingerent,
451 983 594 1046 exitiosos.
621 986 708 1048 Unde
730 1008 795 1047 me-

118 1065 174 1127 ritd
194 1067 276 1128 Pater
297 1069 397 1128 Patria
423 1067 513 1128 dictus
536 1065 583 1128 est.
610 1069 693 1128 Vixit
717 1071 799 1129 annis

119 1145 265 1290 feraqinta
279 1169 409 1230 quatuor.

131 1258 135 1262 ·
160 1229 244 1290 XV.
265 1231 360 1292 AElius
380 1229 541 1291 Hadrianus
562 1229 652 1312 stirpis
667 1229 798 1302 Italica,

120 1309 204 1373 AElio
227 1309 374 1374 Hadriano
394 1314 514 1392 Trajani
534 1315 666 1393 principis
690 1309 797 1383 conso-

121 1393 205 1454 brino
217 1393 311 1455 Adria
328 1413 391 1454 orto
405 1396 539 1478 genitus,
564 1393 642 1476 quod
661 1393 799 1475 oppidum

120 1477 184 1558 agri
201 1476 298 1536 Piceni
321 1479 408 1546 etjam
432 1477 503 1534 mari
523 1475 669 1536 Adriatico
693 1496 801 1534 nomen

122 1556 224 1628 dedit,
251 1559 402 1638 imperavit
431 1558 512 1616 annis
541 1558 645 1654 uiginti
678 1555 799 1614 duobus.

122 1637 182 1698 Hic
199 1639 305 1698 Gracis
323 1639 420 1696 litteris
442 1638 591 1716 impensius
611 1635 758 1707 eruditus,
785 1634 802 1694 a

124 1716 263 1798 plerisque
286 1717 428 1778 Graeculus
455 1717 608 1798 appellatus
632 1715 678 1776 est.
706 1713 801 1776 Athe-

123 1801 269 1858 niensium·
286 1797 377 1859 [ludia
397 1797 545 1879 moresque
563 1797 676 1868 hausit,
699 1799 804 1878 potitus
856 1865 863 1878 Ι

126 1901 186 1942 uon
205 1878 332 1940 sermone
348 1877 481 1952 tantum,
504 1877 552 1940 sod
573 1889 601 1941 δι
616 1879 720 1940 caterio
740 1877 802 1938 dis·

126 1962 258 2042 eiplinis,
278 1963 416 2034 canendi,
437 1960 574 2044 psallendi
585 2007 595 2034 ,
614 1960 804 2044 medendique

124 2041 261 2115 scientii,
278 2045 421 2116 musicus,
442 2063 608 2128 geometra,
630 2044 741 2122 pieior,
764 2039 804 2100 fi-

124 2129 240 2208 {torque
259 2147 294 2184 ex
313 2145 364 2184 aere
382 2125 429 2186 vel
450 2145 590 2184 marmore
610 2123 736 2202 proxime
750 2123 809 2182 Po.

125 2207 244 2288 lycletoe
263 2215 291 2267 dc
311 2204 518 2286 Euphranoras.
543 2203 666 2264 Proinde
685 2203 807 2265 omnino

126 2286 232 2359 edilia
253 2286 425 2356 Macetum
447 2305 478 2346 ut
497 2283 651 2370 elegantius
669 2306 807 2367 umquam

126 2368 191 2432 rard
210 2369 369 2452 quidquam
394 2366 527 2428 humanat
548 2389 590 2428 ree
615 2386 732 2447 expertae
757 2370 805 2426 vi·-

128 2451 255 2512 eleantuta
271 2451 387 2512 Memor
398 2447 482 2532 supra
495 2446 581 2531 quiam
600 2450 736 2530 cuiquam
747 2457 809 2508 cre-¹

129 2532 217 2594 dibile
238 2530 299 2603 eli,
320 2533 422 2603 locos,
441 2533 583 2626 negotia,
604 2529 732 2602 milites,
755 2531 809 2590 ab·

131 2613 220 2676 sentes
243 2633 357 2695 quoque
382 2613 546 2673 nominibus
572 2609 720 2672 recensere.
747 2611 810 2671 lm·

131 2699 222 2757 mensi
238 2695 364 2765 laboris,
382 2696 484 2775 quippe
502 2696 553 2776 qui
571 2696 732 2775 provincias¹
746 2715 811 2754 orn·

130 2799 180 2838 nes
206 2776 331 2858 passibus
358 2776 560 2846 circumierit,
587 2795 692 2858 agmen
716 2777 808 2834 comi-

130 2862 250 2922 tantium
267 2875 454 2944 prevertere,
476 2854 541 2921 cum
558 2856 665 2942 oppida
680 2851 810 2920 universa
