2134 3668
338 287 521 383 erurc
555 315 598 383 Χ.
741 341 807 409 117

131 417 209 481 soror
229 421 396 488 Constantia
416 409 643 512 nupta⁸Licinio
664 457 744 510 etat3
774 461 808 502 ac

131 501 224 582 primd
247 523 311 566 eum
331 510 361 568 in
382 511 530 573 Pannonii
551 517 660 600 ingenti
675 540 809 600 apparatu

128 583 237 644 bellum
257 589 332 668 apud
350 590 467 653 Cibalas
482 593 682 670 instruentem,
704 622 807 681 repen-

130 667 205 726 tinus
219 673 354 748 oppressit
372 695 378 728 ε
397 677 533 756 omnique
546 678 712 751 Dardanii,
729 684 809 743 Μα-

132 743 194 819 sii,
215 749 388 812 Macedonici
410 758 538 836 potitus,
559 761 721 822 numerosas
738 785 808 844 pro-

129 828 238 888 ¹vincius
259 835 417 912 occupavit.

173 909 234 970 VI.
253 911 343 972 Vatia
361 915 491 996 deinceps
509 921 580 980 inter
595 943 643 984 eos
660 922 758 996 bella,
783 934 811 986 dt

132 1009 189 1070 pax
221 995 401 1056 reconciliata
429 1018 507 1077 rupta
530 1023 564 1060 ue
591 1002 637 1064 est.
666 1003 811 1071 Postremo

133 1071 260 1132 Licinius
282 1077 377 1137 navali
398 1087 425 1138 δι
445 1023 560 1141 terreshi
581 1087 675 1162 praelio
696 1088 786 1148 vicius
800 1134 812 1158 ,

133 1153 209 1231 apud
234 1154 436 1220 Nicomediam
459 1159 488 1220 se
510 1163 618 1225 dedidit
630 1189 639 1236 3
665 1175 811 1228 &contra

133 1235 301 1318 religionem
321 1238 488 1304 sacramenti
502 1243 707 1308 Theffalonicae
721 1251 814 1329 priva·

134 1332 178 1375 tus
200 1318 309 1380 occisus
330 1321 377 1382 est.
402 1323 446 1384 Eo
472 1343 597 1408 tempore
618 1350 660 1390 res
679 1329 813 1392 Romana

135 1393 187 1456 sub
199 1420 256 1459 uno
265 1400 392 1486 Augusto
403 1413 429 1465 ὃ(
442 1407 528 1468 tribus
540 1409 699 1472 Caesaribus
711 1416 724 1484 (¹
734 1411 813 1493 quod

133 1498 279 1562 nunquam
305 1483 396 1558 aliis)
419 1485 496 1558 fuit;
518 1489 583 1550 edm
608 1492 689 1552 liberi
710 1491 812 1554 Cous-

133 1563 237 1622 tantini
262 1563 386 1636 Gallie,
408 1567 547 1640 Orienti,
571 1572 714 1654 Italiaeque
738 1594 813 1653 prae·

134 1637 229 1703 essent.
247 1643 382 1718 Verdrn,
403 1647 552 1709 insolentia
571 1671 660 1712 rerum
679 1652 816 1714 secunda·

135 1741 225 1794 tum,
246 1727 421 1808 aliquanttim
435 1729 637 1793 Constantinus
650 1753 684 1794 ex
702 1733 750 1794 illu
769 1734 815 1796 fa-

136 1805 258 1866 vorabili
278 1811 368 1868 animi
384 1809 528 1872 docilitate
541 1816 669 1875 mutavit.
687 1815 816 1878 Primtinr

135 1887 349 1951 necessitudines
378 1892 557 1972 persecutus,
584 1893 750 1978 [Crispum
774 1895 815 1958 fi·-
892 1909 894 1913 ’
970 1964 975 1974 ,

134 1965 206 2027 lium
219 1970 232 2046 ]
252 1990 267 2030 e
301 1974 396 2054 egium
410 1977 522 2048 virum,
546 1986 572 2038 δι
587 1975 694 2038 sorotis
705 1977 816 2053 filium,'

137 2067 254 2111 commo
306 2054 409 2116 indolis
421 2063 569 2136 juvenem,
583 2057 714 2120 interficit
726 2084 733 2119 ι
745 2081 815 2122 mox

136 2149 276 2206 uxorem3
297 2134 378 2214 post,
400 2137 564 2198 numerosos
578 2142 693 2200 amicos.

179 2212 257 2275 VII.
278 2216 334 2274 Vir
349 2220 441 2296 primo
463 2221 574 2300 imperii
598 2241 724 2300 ternpore
740 2224 817 2305 opti-

137 2293 192 2353 mis
207 2298 397 2377 principibus,
416 2301 517 2360 ultimo
535 2300 634 2361 mediis
652 2322 817 2384 comparan-

137 2373 198 2438 dus,
221 2377 376 2440 Innumerae
405 2381 435 2442 in
459 2400 494 2441 eo
520 2383 609 2442 animi
637 2382 817 2469 corporisque

136 2456 252 2520 virtutes
272 2461 449 2534 claruerunt3
469 2463 597 2524 militaris
615 2465 710 2548 gloriae
731 2486 818 2545 appe-

136 2542 326 2616 tentissimus,
341 2543 453 2605 fortuna
467 2547 497 2604 in
511 2545 591 2605 bellis
604 2543 733 2626 prospera
747 2545 816 2606 fuit:

138 2619 236 2682 verum
261 2626 321 2695 ita,
344 2644 455 2685 utnon
480 2623 511 2686 su
531 2645 617 2686 eraret
642 2625 816 2689 industriam.

139 2701 219 2762 Nam
235 2707 321 2765 etiam
333 2703 447 2766 Gothos
462 2727 499 2787 po
539 2707 634 2768 Civile
651 2707 756 2766 beilum
769 2729 818 2768 va-

138 2783 180 2842 rie
191 2788 367 2870 profligavit,
377 2809 445 2868 pace
456 2788 493 2848 ad
503 2787 672 2868 postremum
683 2787 766 2858 datdc
776 2790 819 2881 in·

139 2886 310 2953 gentemque
330 2869 405 2952 apud
417 2869 549 2933 barbaras
564 2887 659 2954 gentes
675 2883 818 2932 memorre:
