2134 3668
261 333 325 391 150
406 309 772 378 Trsrrrrosrr.

251 447 293 502 su·
300 465 341 502 us
365 441 543 522 Capitolinus
569 443 646 502 misit
666 463 729 502 eam
752 440 925 503 Macrini
896 465 945 504 vr·

253 559 289 596 tus
292 536 365 596 ssd
386 537 596 596 Diocletianum
616 534 793 618 Augustum:
806 556 837 598 ut
852 534 947 596 histo-

255 639 342 694 ricum
359 631 441 692 istum
455 629 567 690 laudare
582 653 640 690 nors
651 634 789 711 potuerit,
806 653 857 712 qur
848 632 944 692 Bre-
1008 678 1012 683 .

255 728 375 786 viarium
401 722 481 782 suum
502 721 629 802 perduxit
650 721 736 804 usque
757 723 793 784 ad
813 743 946 804 tempora

256 820 369 879 Juliarsi.
390 817 471 877 Adde
494 815 572 898 quod
589 838 622 874 ea
642 815 676 876 de
697 817 831 878 Macrino
850 821 946 878 neuti-

174 927 176 932 ·
256 931 344 992 quam
366 912 395 970 iu
415 905 469 967 hoc
489 909 616 968 Vistoris
638 909 780 970 Breviorio
801 910 942 992 legantur.

256 1003 337 1062 Alius
358 1022 470 1084 quoque
491 999 529 1058 est
549 1001 647 1061 Sextus
668 1001 797 1060 Aurelius
816 1001 945 1066 Videt,

257 1102 333 1177 cujus
354 1093 439 1154 erstst
459 1093 635 1174 Opusculum
650 1091 684 1152 de
702 1093 760 1154 viti
777 1103 804 1154 &
815 1096 944 1154 moribus

256 1195 463 1272 Imperatorum
479 1188 676 1249 Romanorum
695 1187 780 1270 usque
797 1188 833 1248 ad
844 1186 946 1248 Theo-

259 1283 332 1344 dosii
357 1277 493 1341 excessum
518 1305 525 1337 :
547 1279 582 1340 de
605 1303 663 1363 quo
689 1279 783 1362 postea
809 1281 944 1342 dicemus.

259 1372 324 1441 Imd
344 1395 394 1433 nec
413 1371 522 1453 semper
540 1371 604 1433 satis
622 1369 753 1432 convenit
771 1375 843 1432 inter
860 1369 947 1430 hosce

259 1469 392 1528 Videres
415 1465 590 1526 historicos:
614 1487 644 1526 ut
668 1489 732 1526 cum
759 1467 806 1526 ille
835 1463 948 1527 Schotti

260 1563 331 1622 duos
358 1557 467 1626 tannim
489 1583 499 1633 3
523 1561 591 1620 alter
617 1580 711 1620 autem
737 1579 792 1618 tres
817 1557 948 1641 agnoscit
1055 1589 1056 1592 ¹

261 1651 432 1718 Gordianos.

259 1765 350 1804 —a-m
336 1794 941 1808 „mm-*w

218 1947 221 1957 ,
331 1854 547 1940 IDEM
564 1853 872 1942 VOSSIUS

260 1998 337 2068 De
359 1996 685 2065 Hrsrorercrs
703 1999 947 2068 rATmrs

430 2139 507 2200 Lrs.
528 2139 571 2200 ΙΙ.
593 2138 681 2202 Csr.
703 2141 778 2202 XV.

266 2233 437 2348 sexsus
454 2286 653 2346 Avienus
669 2286 825 2347 Vrcros
845 2287 946 2349 itidem

262 2381 331 2439 vixit
350 2379 522 2458 temporibus
542 2380 676 2451 Arcadii,
697 2391 724 2441 &
741 2381 892 2454 Honorii‚
913 2405 946 2442 ac

263 2473 298 2533 de
317 2475 393 2533 Viris
410 2471 615 2552 Imperatorum
634 2475 830 2536 Romanorum
849 2481 945 2557 epito-

264 2590 330 2629 men
355 2567 422 2627 feeit
447 2589 454 2622 :
477 2585 595 2649 eamque
616 2567 652 2627 ad
670 2563 832 2629 Theodosii
859 2569 947 2650 usque

263 2660 398 2722 exceffum
420 2660 554 2743 perduxit.
575 2661 718 2722 Contexta
738 2661 796 2722 haec
822 2667 946 2745 epitome

264 2753 327 2824 est,
347 2752 411 2814 crim
429 2774 462 2812 ex
472 2752 663 2835 Tranquillo,
683 2755 845 2838 Eutropio,
867 2757 944 2816 Am-

265 2850 386 2916 miano,
409 2845 495 2906 aliis:
516 2846 576 2908 tsim
596 2851 680 2908 etiam
702 2847 787 2909 Sexto
810 2849 862 2910 iilo
880 2851 944 2911 Au·
