2106 3666
285 337 637 388 nnrromn
732 343 791 411 3ss

116 438 212 518 festae,
231 438 343 521 prorsds
363 459 394 500 ut
412 459 497 519 prope
514 436 613 508 nihil,
636 459 694 520 quo
714 438 794 500 sum-

116 525 170 582 mis
188 523 342 604 angoribus
361 523 441 580 atteri
457 519 590 580 mortales
609 515 721 594 solent,
741 523 797 581 dici

117 603 217 664 leuco
239 605 303 661 itari
323 621 432 684 queat,
477 599 533 662 uod
552 621 611 660 non
631 601 682 661 illo
700 603 794 683 impe-

116 703 193 744 rante
210 623 336 744 faevierit.
351 682 448 744 Credo
456 623 595 742 divinitus
611 683 796 756 attributum,

116 785 162 836 ut,
179 765 247 824 dum
265 762 364 823 mundi
382 765 426 824 lex
444 809 453 834 ‚
476 762 523 822 seu
542 781 663 834 natura,
683 765 796 825 aliudve

116 847 184 927 quid
204 845 380 906 Hominibus
399 847 578 928 incognitam
619 847 714 926 'gnit,
738 867 797 905 rec-

117 946 211 987 torum
232 927 357 986 consiliis
375 936 522 1008 tamquam
541 945 587 984 me
608 927 687 985 icinae
709 945 798 986 reme«

117 1009 171 1067 diis
192 1010 341 1067 leniantur.
369 1007 395 1067 Is
417 1011 607 1088 propinquum
633 1005 713 1067 suuni
733 1006 796 1067 Lu-

117 1091 193 1148 cium
208 1089 335 1148 Annium
348 1089 483 1160 Verum,
507 1089 542 1148 ad
561 1091 671 1168 imperii
690 1106 798 1169 partem

117 1188 195 1228 novo
223 1169 424 1229 benevolentia
454 1187 555 1252 genere
582 1167 706 1230 adscivit.
737 1171 799 1248 Qui

106 1251 209 1310 .Verus
232 1253 304 1310 inter
332 1251 461 1310 Altinum
490 1269 573 1332 atque
598 1249 797 1314 Concordiam

115 1331 317 1400 iterfaciens,
341 1331 399 1390 ictu
419 1327 586 1413 sanguinis,
610 1349 695 1414 quem
718 1355 797 1392 mor-

115 1413 186 1472 bum
205 1413 298 1473 Graeci
315 1412 486 1490 ἄπόπληξιν
502 1429 627 1482 vocant,
645 1411 797 1474 undecimo

117 1495 230 1575 imperii
252 1515 327 1553 anno
347 1489 494 1550 exstinctus
518 1489 564 1549 est.
593 1489 764 1554 Carminunr
783 1542 796 1566 ,

118 1576 243 1634 maxime
269 1574 481 1656 Tragicomm‚
506 1569 664 1642 studiosus,
689 1575 797 1656 ingenii

119 1653 212 1732 asperi
239 1667 323 1734 atque
350 1650 455 1710 lascivi.
485 1649 551 1710 Post
578 1655 655 1729 cujus
686 1655 797 1717 obitum

118 1735 236 1794 Marcus
246 1735 406 1792 Antoninus
423 1731 640 1814 Rempublicam
657 1731 731 1794 solus
750 1755 796 1795 te-

120 1818 191 1874 nuit.
228 1814 256 1874 A
287 1815 423 1895 principio
451 1815 514 1873 vitae
545 1815 797 1896 tranquillissimus,

121 1893 217 1965 adeo,
242 1913 272 1954 ut
292 1895 328 1953 ab
343 1891 463 1954 infantili
480 1893 589 1954 vultum
606 1911 658 1956 nec
676 1913 708 1956 ex
726 1919 797 1979 gau-

90 2029 95 2037 .
121 1976 197 2044 dio,
222 1996 273 2035 nec
296 1995 329 2033 ex
355 1991 474 2034 murore
497 1981 670 2037 mutaverit:
693 1976 798 2038 Philo·

120 2055 225 2137 sophiae
246 2054 379 2125 studens,
403 2055 610 2138 litterarumque
636 2057 797 2120 Graecarum

119 2139 310 2218 peritissimus.
325 2135 389 2194 Hic·
398 2139 522 2215 permisit
534 2139 601 2196 viris
616 2137 797 2210 clarioribus,

119 2235 151 2277 ut
175 2219 305 2276 convivia
331 2215 431 2275 eodem
454 2215 552 2288 cultu,
577 2232 634 2298 quo
660 2213 742 2298 ipse,
771 2227 799 2280 dt

118 2298 251 2358 ministris
279 2295 416 2358 similibus
443 2296 612 2358 exhiberent.
645 2297 702 2358 Hic
734 2298 797 2361 clim

119 2381 218 2440 aerario
238 2376 371 2438 exhausto
391 2381 577 2462 largitiones,
601 2398 670 2461 quas
691 2381 795 2442 militi-

119 2461 172 2519 bus
189 2459 383 2540 impenderet,
406 2481 464 2524 non
484 2459 620 2530 haberet,
642 2481 731 2542 neque
752 2467 797 2522 in-

120 2541 211 2600 dicere
237 2542 453 2621 provincialibus
478 2562 525 2601 aut
548 2541 662 2602 Senatui
688 2544 796 2623 aliquid

119 2622 229 2689 uellet,
254 2619 466 2680 instrumentum
487 2626 557 2706 regii
582 2623 695 2694 cultris,
721 2624 796 2684 fana

120 2705 151 2760 in
172 2701 235 2760 foro
253 2701 370 2776 Traiani
389 2697 534 2771 sectione,
556 2702 704 2774 distruxit,
728 2703 796 2766 vasa

120 2804 229 2852 aurea,
256 2783 356 2863 pocula
381 2779 535 2863 crystallina
563 2793 589 2844 δι
617 2779 762 2845 murrhina
783 2832 796 2857 ,

82 2868 88 2878 '
120 2867 247 2924 uxoriam
269 2885 301 2924 ac
324 2861 402 2926 suam
425 2861 539 2925 sericum
559 2875 593 2926 δι’
605 2887 723 3004 guisum
741 2889 792 2928 ve·

656 2967 674 3025 ¹l
