2134 3668
254 317 301 382 94
423 290 739 391 Eurnorrr

252 432 338 495 quem
359 409 453 473 Graeci
476 409 650 492 ἀπόπληξιν
672 427 797 470 vocant:
818 411 862 470 vir
886 412 936 472 ln·

252 495 332 577 genii
364 492 462 574 partlm
493 493 582 552 civilis
609 515 619 562 3
653 489 806 552 reverentii
839 511 939 554 tamen

254 577 347 634 fratris
375 571 448 648 nihil
475 595 602 655 unquam
628 592 708 632 atrox
734 571 824 632 ausus.
857 573 937 635 Ctlm

254 651 367 715 obiisset
384 647 535 715 undecimo
553 655 663 736 imperii
678 675 775 726 anno,
797 656 869 714 inter
882 654 939 716 Di-

255 757 308 796 vos
325 737 427 796 relatus
445 733 492 796 est.

295 816 349 878 XI.
368 816 434 878 Post
452 839 516 876 eunt
538 817 653 878 Marcus
675 814 837 876 Antoninus
860 814 937 876 solus

253 897 472 979 Rempublicam
501 900 616 968 tenuit,
650 899 692 956 vir
723 919 808 979 quem
840 899 937 959 mirari

255 977 366 1042 sacilitis
382 982 445 1062 quis
466 978 552 1062 quim
570 977 683 1038 laudare
699 981 795 1058 possit.
812 982 840 1038 A
858 982 936 1060 prin·

256 1063 332 1142 cipio
358 1065 421 1122 virae
451 1061 694 1142 tranquillissimus
719 1083 726 1117 ι
752 1059 824 1120 aded
849 1080 880 1120 ut
905 1063 937 1124 in

257 1141 378 1202 infanti&
401 1162 513 1224 quoque
539 1141 648 1202 vultum
671 1161 723 1200 nec
750 1161 784 1200 ex
805 1142 935 1280 ξαιιὰἰο,

255 1241 308 1282 nec
331 1245 363 1281 er
382 1243 500 1282 moetore
520 1241 648 1282 mutaret.
670 1219 805 1302 Philosop
827 1224 860 1282 iae
882 1221 934 1282 de·

257 1304 329 1364 ditus
347 1303 471 1374 Sto'r'cae3
493 1301 551 1386 ipse
571 1306 658 1363 etiam
678 1325 738 1363 non
753 1300 844 1364 soldm
868 1305 934 1366 vitae

256 1384 405 1456 moribus,
433 1382 481 1444 sed
509 1387 595 1444 etiam
621 1383 775 1444 eruditione
800 1382 934 1464 philoso-

256 1462 328 1546 phus
347 1489 354 1522 :
372 1484 455 1526 tantae
476 1465 670 1527 admirationis
691 1463 784 1528 adhuc
802 1468 939 1544 juvenis,

257 1565 287 1607 ut
313 1567 378 1606 tum
402 1544 581 1622 successorem
610 1549 747 1627 paraverit
774 1545 938 1610 Hadrianus

257 1628 411 1710 relinquere
431 1652 437 1686 :
457 1629 592 1709 adoptato
610 1647 706 1688 tamen
720 1629 869 1688 Antonino
883 1629 938 1690 Pio

257 1731 391 1792 generum
410 1706 462 1770 effe
482 1713 509 1770 ei
534 1706 638 1769 idcirco
662 1709 807 1782 voluerit,
830 1729 861 1770 ut
880 1707 938 1770 hoc

256 1790 355 1850 ordine
373 1791 409 1850 ad
425 1793 574 1870 imperium
590 1793 751 1871 perveniret.

296 1871 364 1930 XII.
385 1869 528 1930 institutus
547 1869 586 1932 est
606 1871 642 1931 ad
655 1869 870 1953 Philosophiam
890 1893 939 1954 per

255 1950 444 2031 Apollonium
460 1949 712 2024 Chalcedonium3
733 1953 769 2014 ad
789 1953 938 2016 scientiam

255 2033 398 2093 literarum
418 2033 578 2095 Gtaecarum
601 2055 648 2114 per
669 2035 784 2094 Sextum
811 2033 936 2096 Chaero-

256 2113 396 2186 oensem,
419 2113 561 2175 Plutarchi
582 2135 724 2196 nepotem.
751 2117 867 2178 Latinas
890 2138 940 2178 au-

256 2214 315 2256 tem
331 2198 423 2258 literas
444 2217 508 2256 eum
528 2197 657 2267 Fronto,
678 2217 773 2258 orator
789 2198 936 2258 nobilissi-
956 2259 958 2264 ,

252 2297 339 2348 mus,
368 2277 473 2340 docuit.
501 2278 559 2340 Hic
586 2299 651 2338 cum
675 2280 810 2348 'omnibus
837 2279 939 2341 Romae

250 2378 337 2438 aequo
363 2363 422 2436 jure
450 2361 532 2440 egit,
561 2357 597 2418 ad
625 2358 731 2420 nullam
756 2359 937 2423 insolentiam

256 2438 345 2498 elatus
363 2441 474 2519 imperii
493 2435 606 2532 fastigio
628 2462 635 2496 r
654 2441 827 2502 liberalitatis
844 2463 937 2521 prom·

257 2521 418 2599 ptissimae,
447 2523 604 2597 provincias
628 2523 737 2604 ingenti
764 2521 937 2606 benignitate

257 2608 285 2660 δι
306 2599 501 2659 moderatione
519 2603 656 2661 tradavit.
683 2601 794 2664 Contra
810 2604 935 2665 Germa·

257 2701 310 2742 nos
336 2699 370 2738 eo
397 2681 525 2761 Principe
545 2701 588 2740 res
614 2681 732 2743 feliciter
758 2681 849 2767 gestae'
865 2683 936 2748 sunt.

256 2761 367 2820 Bellum
380 2760 438 2841 ipse
451 2783 538 2822 unum
554 2765 639 2863 pessit
650 2762 935 2828 Marcomannicum:

256 2839 304 2904 sed
333 2863 469 2924 quantum
498 2843 574 2904 nulla
601 2845 738 2906 memorid
762 2846 837 2918 fnit,
866 2845 937 2908 adeo
