2134 3668
207 287 209 291 ’
283 289 419 358 Orroo
439 287 601 386 Guurrs
618 287 723 355 ΗΘΜ.
779 306 842 378 ¹5¹5

165 406 267 468 tatibus
283 423 371 492 regno
384 401 560 486 pretulisset,
580 403 711 464 Amulius
726 423 846 486 regnunt
898 461 901 466 ,
958 450 960 455 .

157 489 297 566 obtinuit.
328 487 417 565 Quod
437 506 468 546 ut
491 483 650 548 firmissime
667 484 845 565 possideret,

109 611 111 620 ι
164 567 326 632 Numitoris
351 566 443 628 fratris
471 563 515 626 sui
539 565 629 626 filium
657 568 690 626 in'
714 567 846 628 venando

158 648 383 728 *interimendum
401 650 513 708 curavit.
531 647 609 708 Tum
628 651 713 706 etiam
728 644 846 710 'Rheam

165 732 286 792 Silvium
314 735 372 811 ejus
402 728 526 790 sororem
556 727 727 788 sacerdotem
753 728 846 791 Vestae

165 809 324 894 fierijussit
333 813 346 882 ζ
366 811 498 872 simulato
513 801 649 882 somnio,
668 830 726 891 quo
743 809 847 870 admo-

163 896 240 954 nitus
266 892 303 952 ab
328 890 427 952 eidem
448 887 512 950 Ded
534 887 619 962 esset,
645 909 675 950 ut
689 890 719 950 id
739 889 816 952 fieret
830 887 846 962 '3

167 971 231 1048 crim
250 994 278 1032 re
300 971 365 1033 verb
387 975 425 1032 ita
443 971 604 1032 faciendum
627 971 681 1032 sibi
704 971 847 1034 existima-

165 1074 231 1126 ret,
257 1051 442 1133 periculosum
466 1052 595 1124 ducens,
619 1073 656 1114 ne
673 1054 735 1134 quis
758 1073 791 1114 ex
814 1053 847 1118 eii

166 1133 345 1204 nasceretur,
367 1137 417 1216 qui
439 1137 527 1196 avitas
553 1131 757 1216 persequeretur
772 1135 848 1214 inju-

120 1243 122 1248 .
166 1217 245 1288 rias,
267 1235 297 1276 ut
313 1213 408 1278 scribit
423 1215 672 1290 ValeriusAntias
691 1214 741 1278 lib.
764 1237 785 1276 1.
807 1218 846 1276 At

167 1293 235 1356 verb
251 1293 366 1358 Marcus
387 1297 545 1368 Odiavius,
564 1305 592 1358 δι
610 1297 735 1366 Licinius
747 1297 847 1360 Macer
877 1343 897 1362 .

169 1377 280 1438 tradunt
304 1379 452 1439 Amulium
484 1397 613 1458 patruum
639 1375 725 1439 Rheae
751 1377 845 1440 sacer·

169 1457 270 1529 doris,
292 1479 388 1520 arnore
411 1465 468 1539 ejus
491 1479 629 1538 captum,
652 1458 752 1521 nubilo
774 1461 846 1520 coelo

166 1539 344 1621 obscureque
364 1548 426 1600 a'e're
439 1585 448 1610 ‚
461 1537 534 1606 ¹crim
550 1537 671 1619 primdm
690 1538 847 1600 illucescere
887 1591 890 1599 .

169 1609 315 1700 trepidet,
345 1622 375 1678 in
396 1617 478 1680 usum
498 1618 639 1680 sacrorum
664 1633 767 1700 nquam
792 1643 844 1701 pe-

169 1703 240 1760 tenti
254 1699 440 1770 insidiatum,
461 1702 490 1758 in
509 1701 573 1758 luco
589 1695 691 1760 Martis
707 1701 848 1781 compres*

169 1777 230 1840 sisse
251 1801 336 1852 eam,
358 1799 418 1840 turn
437 1783 539 1841 exactis
558 1780 698 1862 mensibus
715 1785 847 1866 geminos

169 1861 270 1922 editos.
301 1859 389 1938 Quod
413 1861 478 1922 crim
506 1859 707 1943 comperisset,
738 1864 848 1926 celandi

169 1942 239 2004 fasti
287 1941 358 2003 rarii
381 1964 429 2024 per
457 1941 544 2005 scelus
573 1946 727 2026 concepti,
754 1949 847 2008 neceri

171 2027 248 2084 'ussit
267 1964 463 2098 iacerdotem,
490 2045 600 2106 parturn
627 2025 681 2086 sibi
698 2024 846 2086 exbiberi:

167 2044 302 2186 isumque
315 2105 497 2166 Numitorem
512 2103 750 2186 spe'suturorum,
770 2106 849 2188 qubd

170 2183 225 2258 hi,
259 2188 282 2245 si
309 2184 514 2257 adolevissent3
540 2187 702 2266 injuriarum
735 2186 848 2250 suarum

170 2267 341 2348 quandoque
361 2271 463 2328 ultores
482 2265 567 2326 futuri
583 2263 689 2338 essent,
710 2268 781 2328 alios
798 2290 849 2350 pro

171 2349 210 2408 eis
229 2344 398 2420 subdidisse,
419 2345 538 2430 illosque
557 2346 621 2408 suos
637 2365 717 2410 veros
735 2367 849 2432 nepotes

170 2425 302 2490 Faustino
331 2424 473 2512 pastorum
498 2427 632 2513 magistro
658 2427 761 2492 dedisse
791 2453 847 2492 nu,

172 2509 302 2572 triendos.
579 2575 581 2580 ,
718 2573 723 2592 ,
840 2563 843 2572 .

212 2591 283 2650 ΧΧ.
305 2589 344 2652 At
366 2589 433 2652 verb
458 2591 561 2652 Fabius
581 2591 675 2654 Pictor
700 2593 749 2654 lib.
773 2614 794 2652 1.
822 2604 849 2654 dt

171 2671 339 2732 Vennonius
353 2670 436 2732 solito
450 2671 630 2756 institutoque
643 2672 776 2758 egressam
790 2678 849 2734 vir-

172 2753 291 2836 ginern,
310 2753 340 2812 in
356 2751 437 2814 usum
453 2751 594 2816 sacrorum
610 2777 718 2835 aquarn,
731 2758 848 2835 peritur'n

173 2854 207 2893 ex
233 2854 268 2894 eo
294 2831 394 2908 sonte,
413 2835 463 2918 qui
487 2855 544 2897 erat
571 2837 602 2898 in
625 2836 690 2978 lug>
715 2837 817 2898 Martis
838 2849 859 2909 ,·’

702 2938 729 2998 v]
