2134 3668
261 293 327 360 n8
439 288 759 356 Euaaoert

259 409 380 494 gratiam
394 408 554 470 collocavit,
571 406 715 468 Civilibus
728 403 834 470 artibus
847 412 874 466 δι
888 403 949 468 stu·

259 489 312 553 diis
344 489 505 568 liberalibus
526 481 667 558 deditus3
700 485 847 548 affediatot
878 487 946 567 justi
1048 511 1049 520 ¹

258 573 386 641 amotis,
407 591 491 652 quem
509 571 591 628 omni
608 569 663 628 sibi
684 578 711 630 dc
728 569 897 632 iiberalitate
915 579 945 631 ὅτ

258 651 403 712 docilitate
419 653 546 733 quaesivit
557 674 568 722 3
587 651 658 710 sicut
667 651 697 713 in
709 651 860 712 nonnullos
871 653 946 712 ami·

258 754 306 794 cos
323 733 445 804 dubius,
464 735 504 794 ita
519 735 549 792 in
564 732 686 812 reliquos
702 733 830 814 egregius
847 755 853 790 :
868 730 945 794 nibil

257 816 439 874 occasionum
456 815 687 894 praetermittens,
703 834 763 894 quo
781 813 944 894 opulentio-

254 915 297 956 tcs
316 915 365 954 eos
382 893 565 976 clarioresque
583 890 729 974 prestaret.

300 975 398 1038 VIII.
421 977 528 1038 Multas
549 977 624 1059 leges
643 977 778 1116 ropavit,
799 973 940 1057 quasdam

256 1075 290 1116 ex
313 1057 392 1118 bono
414 1067 440 1118 δι
463 1081 570 1138 aequ0,
595 1057 739 1137 pleraque
762 1055 937 1138 superfluas,

254 1141 404 1198 nonnullas
425 1137 557 1200 severas:
579 1136 739 1218 primusque
762 1139 859 1202 urbem
878 1162 937 1200 no·

254 1222 340 1280 minis
365 1219 406 1280 sui
436 1220 472 1282 ad
501 1240 611 1284 tantum
641 1217 785 1301 fastigium
818 1218 937 1282 evehere

254 1302 369 1361 molitus
399 1299 460 1371 est,
485 1321 515 1360 ut
542 1302 642 1366 Roma
669 1301 800 1363 aemulam
823 1299 937 1365 faceret.

253 1381 362 1442 Bellum
391 1380 536 1442 adversim
563 1379 683 1445 Parthos
712 1383 858 1454 moliens,
888 1390 939 1466 qui

252 1467 312 1542 jam
337 1461 579 1542 Mesopotamiam
608 1462 797 1546 fatigabant,
826 1485 885 1526 uno
910 1476 938 1528 δι

253 1546 399 1628 trigesimo
429 1567 505 1611 anno
530 1547 663 1625 imperii,
691 1547 778 1608 atatis
807 1543 886 1608 sexto
910 1557 938 1610 da
1048 1579 1049 1582 ¹

252 1623 451 1711 sexagesimo,
470 1626 647 1690 Nicomedia
661 1627 691 1690 in
703 1625 783 1689 Villi
796 1626 937 1702 Publici,

253 1707 334 1768 obiit.
352 1709 531 1773 Denunciata
550 1717 625 1768 mo'rs
644 1711 702 1787 ejus
718 1709 805 1771 etiam
819 1729 867 1788 per
886 1712 938 1772 cti-

252 1791 343 1853 uitam
361 1788 491 1860 stellam,
513 1811 574 1870 qux
596 1791 733 1852 inusitata
753 1791 935 1873 magnitudi-

252 1871 296 1938 nis
315 1869 479 1950 aliquandiu
498 1869 576 1932 fulsit
593 1894 600 1930 ε
619 1892 683 1932 eam
699 1871 792 1936 Greci
812 1876 937 1936 Cometen

252 1969 357 2030 vocant
374 1975 381 2008 z
400 1971 484 2032 atque
500 1953 576 2016 vinter
594 1953 685 2018 Divos
707 1955 810 2014 meruit
829 1953 936 2016 restrui

292 2030 351 2092 IX.
374 2028 544 2094 Succeffores
566 2031 640 2094 filios
660 2053 713 2094 tres
729 2035 866 2116 reliquit,
885 2055 935 2096 at·

251 2133 307 2194 que
321 2134 415 2174 -unum
435 2113 528 2176 fratris
549 2112 649 2176 filium.
673 2114 781 2178 Vervim
806 2117 935 2181 Dalma-

251 2195 307 2262 tius
319 2191 414 2259 Casae
432 2193 616 2276 prosperrimi
632 2195 751 2268 indole„
773 2218 865 2278 neque
884 2218 938 2277 pa-

251 2293 314 2342 truo
334 2277 493 2348 absimilis,
515 2275 591 2339 baud
609 2274 701 2343 multi>
718 2276 779 2357 post
794 2275 937 2358 opprcliut

252 2354 291 2416 est
312 2355 436 2418 fallione
462 2359 602 2429 militari,
630 2367 657 2420 δι
682 2357 854 2420 Constantio
877 2381 935 2440 pa·

251 2437 338 2504 ttuele
364 2437 414 2498 suo
439 2440 546 2498 sinente
571 2438 662 2519 potiris
690 2439 778 2522 quim
805 2442 932 2520 jubente.

252 2515 472 2584 Constantinum
494 2520 601 2600 porro,
625 2521 704 2582 fratri
726 2523 832 2586 bellum
851 2522 932 2584 infe·

131 2630 134 2635 ·
251 2619 381 2674 rentem,
407 2609 434 2662 δι
457 2601 533 2680 apud
558 2603 721 2684 Aquileiam
746 2603 934 2666 ,inconsultius

250 2681 375 2760 praelium
399 2679 574 2766 aggrelsum,
590 2682 755 2746 Constantis
775 2685 859 2746 duces
881 2689 931 2747 in-

250 2781 425 2828 teremerunt.
453 2763 496 2825 Ita
517 2761 686 2844 Respublica
709 2765 745 2827 ad
770 2766 841 2828 duos
863 2769 931 2828 Au-

252 2841 346 2934 gustos
364 2844 484 2911 andasta.
507 2845 672 2912 Constantis
690 2850 839 2943 imperium
859 2848 934 2910 stre-
