2110 3666
285 341 639 396 ΕΡΙΤΟΜΒ
732 349 798 415 5η

96 449 190 526 ἱῐὶὶγιιε
210 446 335 508 barbaris
347 481 357 517 3
381 449 431 528 qui
452 446 580 507 Galliam
603 443 764 506 inhabitant
796 471 802 503 :

112 527 228 612 legendi
247 524 339 588 studio
362 548 531 622 promptus,
554 525 692 589 sermonis
713 549 799 597 acet,

113 612 204 670 animi
228 608 352 681 tumidi,
371 618 399 670 δι
419 607 575 670 ιιηῐῃοάἰεὲ
597 609 731 679 timidus,
752 631 801 670 at·

112 691 183 752 tifex
202 710 299 751 tamen
318 687 355 750 ad
375 689 574 751 occultandam
598 690 722 752 andaciae
737 687 800 771 spe-

113 775 157 832 cie
179 770 373 834 formidinem.
396 769 465 850 Ejus
491 791 583 832 morte
608 771 705 833 auditi
732 771 797 833 De-

113 857 246 926 centius,
269 855 372 935 laqueo
393 849 481 914 fascia
505 855 687 932 composito,
708 856 798 916 vitam

102 934 215 996 finivit.
235 935 302 994 Hoc
316 953 443 1015 tempore
456 933 557 995 Gallus
573 932 700 995 caesarl
716 933 798 998 Con·

113 1015 380 1077 stanno-occiditur.
391 1015 545 1097 Imperavit
563 1036 652 1076 annos
666 1034 796 1098 quatuor.

113 1099 244 1159 Silvanus
264 1097 422 1178 Impetatot
447 1093 587 1166 effedlus,
617 1096 663 1157 die
686 1100 798 1178 imperii

112 1181 249 1240 vicesimo
275 1177 377 1240 odiavo
404 1180 558 1258 perimitur.
583 1177 649 1240 Fuit
679 1179 797 1262 ingenio

108 1261 322 1326 blandissimus.
353 1259 539 1341 Quamquam
567 1258 688 1320 barbato
717 1280 797 1341 patto

113 1344 245 1424 genitus,
265 1360 361 1402 tamen
382 1339 556 1400 institutione
577 1339 711 1401 Rotnani
729 1338 796 1404 latis

102 1424 254 1484 cultus&
282 1425 398 1504 patiens.
427 1421 611 1484 Constantius
638 1422 795 1486 Claudium

113 1505 280 1575 Julianum,
302 1503 415 1564 fratrem
439 1503 537 1575 Galli,
558 1499 667 1564 honore
690 1502 792 1566 Cacsa-

112 1589 149 1646 sis
170 1581 304 1654 allumit,
329 1605 419 1645 annos
441 1603 540 1644 natum
558 1582 618 1644 fere
636 1603 691 1644 tres
710 1605 794 1667 atque

112 1669 224 1750 viginti.
247 1664 301 1726 Iste
322 1669 353 1728 in
380 1669 487 1748 campis
509 1665 794 1749 Argentoratensibus

112 1749 186 1828 apud
206 1747 337 1818 Gallias,
363 1767 428 1807 cum
452 1747 547 1828 paucis
570 1747 729 1819 militibus,
752 1752 796 1810 in·

112 1827 205 1890 finitas
234 1827 358 1889 hostium
391 1831 486 1909 copias
524 1826 636 1889 delevit.
673 1829 793 1892 Stabant

110 1914 203 1972 acervi
219 1912 362 1970 montium
381 1910 487 1970 similes
498 1953 510 1980 ,.
525 1909 630 1970 fluebat
646 1931 726 1971 emor
738 1909 805 1972 flu?

112 1995 223 2052 minum
237 1991 347 2062 modo3
369 2009 464 2072 captus
480 2011 527 2050 tex
543 1989 648 2052 nobilis
666 1990 791 2066 Chono-

111 2071 254 2134 domarius
265 2095 275 2144 3
297 2072 359 2132 fusi.
374 2093 473 2132 omnes
496 2073 669 2152 optimatum
693 2073 791 2135 reddi·
814 2081 837 2129 J

111 2172 155 2214 tus
173 2156 254 2216 limes
275 2153 413 2214 Romanae
434 2149 611 2234 pollessionis
633 2176 641 2209 ι
664 2175 697 2214 ac
717 2155 791 2235 post·

110 2235 231 2297 modum
244 2257 308 2297 tum
327 2236 496 2296 Alamannis
510 2233 667 2304 dimicans,
689 2255 791 2318 poten·

109 2320 249 2381 tissimum
270 2337 366 2376 eorum
387 2337 484 2400 regem
506 2315 717 2378 Baldumatium
737 2340 787 2378 ce-

108 2400 160 2480 pit.
177 2398 239 2478 ¹Hic
263 2396 281 2458 xa
304 2397 441 2464 militibus
463 2395 621 2459 Gallicanis
646 2397 788 2482 Augustus

108 2484 315 2560 pronunciatur.
348 2478 435 2540 Hunc
473 2477 658 2542 Constantius
689 2501 789 2564 urgere

108 2559 318 2643 legationibus,
337 2579 367 2620 ut
380 2563 410 2620 in
428 2558 529 2619 statum
544 2581 705 2642 nomenque
718 2562 789 2643 ptis-

109 2644 200 2702 tinum
221 2659 378 2702 invertatur.
401 2641 526 2700 Julianus
546 2640 685 2702 mandatis
706 2647 786 2704 mol-

107 2724 223 2783 lioribus
245 2720 377 2783 telense
403 2719 453 2782 sub
475 2725 593 2782 nomine
611 2725 677 2784 celsi
696 2726 790 2806 impe-

108 2806 144 2864 tii
165 2803 256 2866 multb
275 2803 426 2863 officiosius
445 2807 609 2882 pariturum.
628 2804 683 2865 His
703 2805 789 2868 Cou-

107 2882 222 2946 stantius
252 2887 344 2966 magis
363 2882 510 2966 magisque
536 2885 636 2948 ardens
664 2883 786 2961 dolore,

107 2985 191 3050 atque
210 3011 220 3040 ‚
244 2976 278 3030 ut¹
296 2986 354 3028 etat
373 2967 472 3028 talium
491 2969 669 3108 impatiensi)
684 2971 714 3030 in
737 2991 786 3038 taz
