2134 3668
274 343 339 404 140
413 314 531 385 Aua.
553 315 787 385 Vici-orere

268 437 379 497 Primus
405 439 500 516 itaque
524 433 654 494 omnium
680 431 810 492 Evander
834 431 953 492 Italicos

270 515 399 576 homines
417 517 550 597 legere&
570 512 689 574 scribere
710 513 845 584 edocuit,
868 513 951 571 litte*

270 601 328 666 ris,
341 600 443 676 partim
452 617 521 676 quas
531 593 590 675 ipse
600 613 682 654 antea
690 593 823 653 didicerat
834 615 844 663 3
856 593 953 653 idern-

270 697 324 758 que
343 677 437 759 fruget
452 677 481 735 in
499 673 610 736 Graecia
625 672 747 755 primdm
761 678 889 734 inventas
902 672 955 733 os-

273 757 386 827 tendit,
402 755 565 836 serendique
578 751 659 815 usum
669 755 801 825 edocuit,
815 770 953 834 terreque

272 839 429 900 excolendae
456 835 547 920 gratis
572 839 678 916 primus
703 837 790 897 boves
814 837 844 895 in
868 833 955 895 ltalia

270 921 370 998 junxit.

312 1000 371 1060 Vl.
394 999 438 1059 Eo
453 1017 608 1081 regnante,
628 996 701 1057 sorte
715 997 873 1056 Recaranus
887 999 956 1078 qui-

273 1075 362 1150 dam,
381 1080 486 1140 Graecae
505 1082 643 1160 originis,
662 1081 782 1161 ingentis
804 1081 955 1157 corporis,

274 1169 301 1221 &
315 1181 483 1243 magnarum
497 1162 598 1220 vitium
611 1157 725 1239 pastor,
741 1161 807 1240 quia
820 1177 877 1217 erat
891 1157 955 1217 for⁴

274 1241 323 1300 md
337 1244 477 1302 &virtute
491 1241 595 1299 caeteris
609 1240 797 1309 antecellens,
814 1239 955 1300 Hercules

274 1323 448 1402 appellatus,
461 1318 562 1380 ebdem
578 1323 662 1380 venit.
680 1318 813 1402 Cumque
829 1340 958 1380 armenta

275 1407 333 1480 ejus
362 1405 435 1462 circa
463 1404 568 1461 flumen
595 1402 730 1461 Albulam
752 1400 956 1480 pascerentur,

276 1481 370 1544 Cacus
388 1483 514 1542 Evandri
532 1480 645 1552 servus,
664 1485 793 1562 nequitiae
810 1479 957 1553 versutus,

277 1571 304 1623 δι
332 1583 428 1642 praeter
453 1581 551 1622 caetera
577 1561 766 1622 sarracissimus
788 1608 797 1634 ‚
818 1562 960 1622 Recarani

278 1641 396 1723 hospitis
415 1645 501 1704 boves
520 1641 675 1724 subripuit,
695 1665 727 1703 ac
743 1663 778 1702 ne
796 1643 874 1725 quod
893 1634 960 1702 esset

277 1725 440 1796 indicium,
461 1722 570 1784 aversas
593 1725 622 1782 in
645 1721 804 1803 speluncam
825 1723 959 1783 adtraxit.

279 1801 410 1886 Cquue
424 1805 583 1864 Recatanus
596 1805 696 1863 vicinis
712 1805 875 1886 regionibus
888 1825 958 1884 per-

280 1889 384 1967 agratis
398 1929 407 1955 ,
427 1883 605 1965 scrutatisque
616 1885 749 1945 omnibus
766 1883 905 1965 ejusmodi
918 1885 963 1944 la·

273 1965 388 2034 cebris,
409 1962 572 2045 desperasset
591 1968 791 2036 inventurum,
809 1983 964 2046 utcumque

278 2067 361 2127 aequo
379 2047 477 2106 animo
497 2043 674 2125 dispendium
692 2045 784 2106 ferens
800 2093 810 2118 ,
828 2047 962 2106 excedere

282 2124 326 2186 his
351 2125 453 2188 finibus
476 2125 662 2186 constituerat.
682 2129 723 2188 At
741 2125 810 2189 verb
830 2127 963 2188 Evander

283 2209 519 2268 excellentissimae
528 2205 636 2287 justitiae
647 2209 690 2267 vir
701 2255 709 2280 ,
723 2208 871 2290 postquam
883 2229 962 2280 rem,

283 2290 324 2346 uti
343 2293 405 2349 acta
419 2309 498 2358 etat,
516 2291 674 2367 comperit,
690 2287 805 2350 servum
820 2309 899 2349 noxae
913 2290 964 2348 de*

284 2369 325 2426 dit
346 2413 355 2438 ,
378 2370 465 2428 boves
484 2367 590 2428 restitui
610 2367 684 2428 secie.
705 2369 783 2429 Tum
802 2371 964 2429 Recaranue

284 2446 336 2508 sub
352 2451 495 2510 Aventino
508 2493 516 2521 ,
532 2449 677 2510 Inventori
697 2451 772 2510 Patri
786 2467 864 2510 atam
883 2447 965 2509 dedi—

286 2531 386 2598 cavit,
410 2530 614 2668 appellavitque
636 2531 818 2602 Maximam,
842 2540 869 2590 δι
891 2530 965 2611 apud

286 2629 349 2668 eam
380 2654 389 2680 ,
439 2611 560 2670 ecimam
585 2608 627 2670 sui
635 2615 764 2751 sspecoris
792 2610 964 2692 profanavit.

287 2687 419 2770 cumque
433 2711 498 2750 ante
512 2693 599 2751 moris
618 2712 632 2750 e
655 2712 702 2762 et,
717 2695 758 2752 uti
774 2689 903 2754 homines
916 2690 967 2750 de-

287 2772 391 2830 cimam
412 2769 552 2832 frudluum
572 2771 696 2854 Regibus
716 2771 771 2842 suis
785 2770 967 2853 pt'aestarent,

287 2853 391 2932 aequius
418 2852 472 2914 sibi
500 2856 539 2914 ait
569 2851 657 2914 videri
687 2855 767 2915 Deos
798 2851 891 2936 potiris
916 2853 969 2914 illo
