2142 3664
248 309 319 370 226
392 298 515 372 Aur.
544 303 752 374 Vrcrou

247 421 385 504 sapiant,
406 419 497 483 adesse
524 425 686 504 principem.
708 422 748 484 Et
772 419 838 482 sans
862 422 931 505 quia

247 524 344 568 vecors
366 524 443 576 erat,
463 505 627 564 mitissimus
651 501 798 564 videbatur
816 505 942 584 impru-'

248 585 400 657 dentibus,
419 607 480 668 quae
497 607 539 646 res
556 582 701 646 adversum
718 583 856 646 nefariam
873 606 930 666 pa·

249 669 304 726 trui
321 665 587 728 Neronis-mentem
602 667 728 738 auxilio,
747 686 838 747 neque
857 666 932 747 apud

250 747 343 808 fratris
360 745 449 810 filium
464 748 629 831 Caligulam
642 745 754 808 invidia
770 745 824 808 suit
839 771 846 804 ε
861 750 933 828 quio

251 831 337 890 etiam
353 831 487 891 militares
503 827 646 911 plebisque
664 830 775 888 animos
791 829 937 889 concilia-'

249 929 349 982 verat,
369 910 437 972 dum
457 913 595 994 flagrante
617 909 730 970 suonam
752 909 931 971 dominatio·

250 1011 308 1064 ne,
327 995 338 1052 i
358 989 386 1052 se
405 994 581 1072 contemptui
601 989 788 1052 miserabilior
809 988 932 1051 habere-

251 1092 303 1136 tur.
348 1075 403 1135 alia
421 1072 558 1156 plerisque
575 1073 817 1143 memorantibus,
833 1093 935 1153 repen-

252 1155 279 1216 td
302 1176 390 1227 eum,
412 1156 491 1216 nullo
511 1158 678 1214 retradiante
698 1199 708 1225 ,
732 1175 793 1235 quat
817 1153 935 1216 aderant

252 1237 337 1298 turbat
368 1234 594 1308 circumsistunt,
618 1236 757 1316 simulque
783 1231 955 1296 affluebant.

251 1317 354 1398 reliqui
372 1319 495 1377 militurn
508 1362 517 1388 ,
532 1317 648 1400 &vulgi
661 1337 767 1400 magna
779 1318 830 1376 vis.
845 1315 935 1393 Quod

251 1399 302 1458 ubi
321 1399 414 1458 Patres
433 1399 585 1478 accepire,
605 1400 722 1458 mittunt
738 1398 817 1457 ocius
834 1395 935 1458 ausum

252 1481 448 1560 comprimere.
469 1477 524 1540 Sed
545 1477 691 1561 postquam
711 1480 816 1548 variis,
838 1476 933 1538 terris-

253 1582 308 1642 que
331 1559 514 1622 seditionibus
535 1562 633 1621 civitas
653 1563 802 1641 cundiique
821 1558 936 1622 ordines

253 1641 466 1715 lacerabantur,
490 1663 626 1724 tanquam
644 1663 678 1701 er
698 1643 816 1722 imperio
835 1661 937 1704 omnes

253 1724 353 1788 deddre
375 1722 412 1785 se.
433 1724 476 1784 Ita
503 1723 603 1784 Romae
623 1723 714 1806 Regia
740 1719 858 1802 potestas
880 1719 935 1782 fir-

252 1823 331 1866 mata
361 1849 371 1878 ,
402 1805 600 1886 proditumque
633 1801 752 1904 apertids
779 1804 937 1866 monalium

253 1905 367 1946 conatus
384 1907 488 1946 vacuos
507 1883 525 1944 ὲ
545 1887 668 1944 Fortuna
686 1881 828 1966 salsosque
848 1880 909 1946 eise.

257 2029 259 2034 ,
294 1967 355 2028 IV.
379 1966 469 2048 Igitur
481 1965 641 2036 Claudius,
655 1987 831 2047 quamquam
844 1969 939 2050 ventri

254 2045 331 2116 ferde
347 2047 503 2119 obediens,
517 2067 616 2107 vecors
633 2051 711 2127 juxta
726 2066 809 2128 atque
827 2050 936 2106 imme-

254 2151 319 2190 mor
333 2175 342 2202 ,
355 2128 528 2212 pavidusque
547 2131 637 2190 animi
656 2137 683 2190 δι
703 2130 833 2212 ignavior
850 2125 937 2200 effet3

253 2212 385 2293 pleraque
414 2232 461 2291 pet
487 2209 669 2272 formidinem
699 2229 795 2270 tamen
823 2209 938 2294 egregii

255 2292 460 2364 consultabat,
486 2293 653 2354 Nobilitatis
677 2290 812 2371 precipue
838 2292 937 2351 consi*

255 2374 324 2445 liis,
343 2396 403 2456 quae
424 2393 501 2433 metu
522 2375 666 2432 colebatur
684 2375 808 2452 :quippe
819 2373 939 2452 stolido·

255 2479 314 2515 rum
332 2457 442 2534 ingenia
459 2453 577 2534 proindd
596 2469 703 2534 agunt,
720 2455 761 2510 uti
782 2453 940 2520 monitores

255 2535 327 2597 sunt.
349 2535 480 2615 Denique
501 2535 585 2594 bonis
604 2533 765 2592 rudioribus
784 2531 939 2613 compressa

254 2639 303 2699 per
320 2637 385 2676 eum
401 2617 469 2676 vitia
481 2659 490 2686 ,
500 2637 542 2686 ¹ac
559 2630 606 2695 per
622 2614 749 2676 Galliam
763 2613 939 2676 Druidarum

255 2695 371 2764 famosa
401 2693 604 2776 superstitiones
634 2718 644 2768 3
674 2695 731 2756 lata
762 2700 821 2775 jura
852 2693 939 2776 qudam

256 2776 508 2854 commodissima3
523 2797 650 2840 curatum
669 2777 776 2838 militiae
791 2775 939 2850 officium3

256 2863 356 2922 retenti
379 2857 472 2934 fines,
493 2858 541 2921 seu
562 2858 620 2921 dati
642 2861 760 2941 imperio
782 2857 938 2931 Romano,
