2142 3664
241 353 311 416 270
379 299 507 397 'Aua
536 329 752 398 Vrcaou

240 447 304 508 etim
325 446 360 507 ad
377 447 538 508 siccandam
555 449 661 507 lacunis
680 468 713 507 ac
732 442 807 506 sossi
822 445 923 507 urbem

241 532 295 609 ipsi
309 531 428 609 patrium
443 529 641 611 adigerentur,
661 549 723 610 quae
737 526 851 608 palustri
864 527 927 588 solo

244 608 415 670 hiemalibus
432 611 512 690 aquis
527 612 720 691 corrumpitur.
732 606 847 669 Abhinc
866 613 926 670 mi-

243 693 332 752 litaris
351 693 477 772 potentia
500 693 665 761 conualuit,
688 713 721 751 ac
736 691 851 751 Senatui
872 693 929 750 im·

244 775 376 854 perium,
400 771 566 855 creandique
587 778 630 853 jus
646 773 782 852 Principis
804 791 929 854 ereptum

245 854 281 914 ad
300 851 613 915 nostrammemoriam
631 877 638 912 t
657 856 794 914 incertum
811 876 848 913 an
867 857 877 914 i
897 853 929 915 so

246 938 374 1016 cupiente
392 956 440 1016 per
460 935 621 1006 desidiam,
643 957 680 996 an
703 954 779 994 metu
800 933 847 994 seu
885 934 928 996 is-

246 1014 407 1077 sensionum
433 1016 511 1077 odio.
539 1017 652 1098 Quippe
677 1013 777 1077 amiilo
791 1017 930 1078 Gallieni
1000 1089 1005 1104 ι

247 1099 361 1170 edicto,
377 1096 453 1158 refici
466 1099 569 1158 militia
582 1098 675 1178 potuit
686 1143 695 1169 ,
710 1097 929 1158 concedentibus

248 1177 374 1240 modestb
393 1180 573 1263 legionibus,
588 1179 693 1238 Tacito
708 1197 862 1263 regnante,
880 1201 932 1240 ne·
986 1208 991 1215 ⁴

250 1282 305 1342 que
324 1261 468 1320 Florianus
487 1259 590 1320 temeri
607 1257 770 1330 invasisset,
793 1281 840 1320 aut
859 1261 932 1340 judi·

195 1391 197 1396 .
250 1345 295 1402 cio
317 1342 558 1422 manipularium,
579 1343 732 1423 cuiquam,
753 1342 831 1402 bono
847 1343 930 1414 licet,

248 1424 400 1502 imperium
427 1423 565 1496 daretur,
593 1423 768 1505 amplissimo
791 1445 825 1484 ac
850 1443 932 1484 tanto

250 1503 349 1565 ordine
382 1506 412 1565 in
441 1503 533 1566 castris
547 1503 689 1588 degente.
720 1503 828 1564 Vertim
863 1506 932 1566 dum

197 1643 205 1650 ,
251 1586 427 1646 obleslantur
439 1591 522 1658 otio,
540 1588 679 1667 simulque
692 1585 797 1646 divitiis
811 1607 932 1666 pavent,

252 1689 370 1748 quarum
406 1667 488 1728 usum
521 1668 749 1748 affluentiamque
782 1671 935 1728 eternitate

251 1754 341 1828 majus
369 1769 496 1831 putant,
529 1749 673 1810 munivire
702 1750 870 1810 militaribus
900 1771 934 1809 ac

251 1831 322 1910 pene
340 1831 468 1892 barbaris
486 1832 565 1893 viam
583 1828 658 1891 inse
680 1851 714 1890 ac
735 1828 858 1913 posteros
879 1830 934 1891 do-

251 1911 391 1971 minandi.

291 1991 498 2054 XXXVIII.
526 1993 617 2077 Igitur
646 1992 738 2056 Carus
769 1993 937 2056 Praefesiuri

252 2075 360 2156 pollens
383 2074 531 2145 Praetorii,
554 2072 673 2159 augusto
695 2073 817 2148 habitu,
842 2077 937 2138 liberis

253 2155 412 2218 Caesaribus
446 2155 583 2225 Carino,
618 2156 861 2240 Numerianoque.
896 2157 936 2218 Et

253 2242 390 2318 quoniam
418 2236 532 2321 cogniti
560 2237 647 2297 Probi
674 2257 765 2297 morte
788 2239 932 2299 Barbaro-

252 2339 315 2378 rum
335 2323 440 2401 quique
460 2320 617 2400 opportune
638 2317 821 2388 invaserant,
850 2317 936 2379 misso

253 2399 291 2458 ad
308 2403 516 2459 munimentum
528 2400 630 2460 Galliae
647 2406 752 2480 majore
769 2398 850 2471 filio,
870 2400 938 2461 Nu-

254 2482 374 2540 meriani
396 2484 532 2541 comitatu
555 2482 585 2540 in
607 2480 850 2562 Mesopotamiam
873 2503 938 2562 per-

255 2563 299 2702 git
316 2561 462 2641 protintis,
505 2559 562 2620 ubd
577 2583 610 2622 ea
625 2561 769 2624 Persarum
789 2564 870 2644 quasi
888 2561 938 2624 so-

267 2645 332 2702 enni
363 2643 439 2702 bello
465 2584 564 2704 sthest.
597 2644 660 2705 Ubi
686 2642 754 2704 fusis
783 2641 910 2704 hostibus
926 2683 944 2716 ,-

256 2723 325 2783 dum
352 2725 449 2806 gloriar
478 2722 633 2784 inconsulte
662 2726 801 2797 avidior,
834 2725 937 2786 Ctesi·

256 2803 363 2885 phonta
384 2805 482 2864 urbem
500 2803 618 2866 Parthiae
641 2807 776 2884 inclytam
796 2805 939 2888 transgre-

257 2885 352 2958 ditur,
373 2885 500 2949 fulminis
516 2890 592 2948 taslu
610 2890 804 2976 conflagravit.
822 2887 856 2948 Id
872 2891 941 2971 qui·
