2060 3662
224 287 268 348 62
393 281 708 349 Eurnourr

224 401 312 470 vicit,
329 407 355 459 &
376 400 478 458 Lucius
496 399 641 458 Domitius
660 399 772 458 Ptaetor.
794 397 822 459 Α
843 399 907 461 Ser·

224 483 290 540 torii
308 479 376 540 duce
397 481 538 540 Hirtuleio
556 480 702 542 Domitius
716 477 824 540 occisus
842 481 904 540 est:

226 561 359 623 Metellus
380 565 459 622 vario
486 557 604 622 successu
628 579 725 620 contra
749 562 904 623 Sertorium
1018 567 1019 636 j

226 643 382 705 dimicavit.
404 640 503 702 Postea
522 641 585 700 edm
605 644 695 722 impar
710 661 811 726 pugne
829 639 906 704 solus
1018 637 1019 644 ἵ

225 723 359 784 Metellus
374 743 530 802 putaretur,
546 723 603 784 Cn.
618 723 768 804 Pompeius
781 723 819 784 ad
833 723 906 784 His-

225 807 323 887 panias
344 801 561 864 minusculo
584 803 693 864 duobus
713 804 829 866 ducibus
852 805 907 866 ad-

118 915 119 918 *
225 889 332 958 versis,
354 887 490 946 Sertorius
512 884 625 944 fortuni
642 884 721 944 varii
740 883 811 966 saepd
827 907 863 968 pu
887 922 905 934 -
970 923 973 934 ·

225 969 313 1028 navit.
335 967 449 1027 Octavo
469 966 583 1027 dem'rim
598 987 674 1026 anno
693 965 709 1026 l
725 965 780 1027 suis
798 907 906 1029 occidus

223 1047 286 1121 est,
313 1058 340 1109 δι
366 1047 429 1110 finis
457 1051 482 1107 ei
507 1047 583 1107 bello
608 1047 689 1108 datus
712 1045 750 1106 est
775 1069 824 1129 per
846 1050 904 1112 Cn.

225 1127 395 1210 Pompeium
410 1128 635 1201 adolescentem,
648 1127 828 1208 &Quintum
840 1133 907 1191 Me·

225 1211 323 1270 tellum
340 1212 422 1270 Pium
445 1233 453 1268 t
475 1230 504 1270 at
525 1231 559 1269 ue
576 1228 675 1271 omnes
698 1211 784 1292 prope
801 1209 906 1293 Hispa-

225 1295 278 1434 piae
299 1293 330 1352 in
351 1291 490 1366 ditionem
505 1233 616 1372 tPopuli
642 1292 768 1352 Romani
791 1293 908 1356 redaibae

239 1392 297 1433 unt.

267 1455 313 1514 Il.
336 1453 383 1513 Ad
404 1453 608 1514 Macedoniam
628 1451 723 1514 missus
741 1453 780 1514 est
799 1455 908 1538 Appius

175 1542 188 1558 “
204 1533 376 1604 nClaudius.
403 1534 469 1595 Post
501 1535 690 1596 Consulatum
715 1535 789 1598 levia
832 1540 906 1599 raelia

229 1615 329 1678 habuit
352 1637 449 1676 contra
467 1619 557 1676 varias
577 1637 688 1700 gentes,
707 1639 769 1700 quae
788 1559 907 1679 Rhodo-

229 1719 295 1778 pam
326 1699 502 1780 provinciam
533 1699 695 1758 incolebant
723 1721 729 1756 :
754 1719 839 1781 atque
866 1703 907 1760 ibi

229 1779 332 1838 morbo
358 1799 484 1839 mortuus
506 1777 554 1839 est.
583 1781 689 1839 Missus
715 1779 743 1839 ei
774 1779 907 1842 successor

229 1860 287 1923 Cn.
307 1861 468 1936 Scribonius
489 1859 579 1922 Curio
600 1859 661 1940 post
687 1860 905 1924 Consulatum:

229 1943 253 1999 is
267 1941 416 2000 Dardanos
433 1942 521 2012 vicit,
539 1950 565 2002 &
583 1940 720 2024 usquead
740 1943 906 2004 Danubium

231 2023 405 2101 penetravit3
419 2020 648 2104 triumphumque
663 2025 783 2096 meruit,
795 2035 822 2086 dt
836 2027 907 2086 intra

230 2105 381 2163 triennium
404 2101 490 2162 finem
510 2105 588 2164 bello
609 2105 695 2165 dedit.

218 2203 221 2222 ¹
270 2184 390 2246 lli-Ad
408 2185 545 2246 Ciliciam
565 2195 592 2246 &
616 2183 816 2266 Pamphyliam
838 2191 907 2248 mis-

230 2265 274 2326 sus
295 2264 336 2326 est
351 2267 381 2326 P.
401 2267 532 2326 Servilius
555 2289 594 2326 ex.
607 2265 755 2338 Consule,
778 2271 821 2328 vir
842 2269 909 2328 stre⁴

229 2367 309 2406 nnus.
339 2347 366 2406 Is
391 2347 527 2406 Cilicia-m
554 2347 689 2432 subegit,
714 2349 814 2429 Lyciae'
829 2353 909 2410 urbes

228 2428 396 2487 clarissimas
418 2431 615 2512 oppugnavit,
636 2439 662 2490 &
687 2432 759 2511 cepit
782 2455 789 2488 ι
815 2432 846 2491 in
867 2431 910 2492 his

229 2506 424 2580 Phaselidem,
435 2507 612 2592 Olympum,
624 2511 769 2593 Corycum
787 2513 908 2573 Ciliciae.

231 2586 341 2650 Isauros
363 2609 476 2672 quoque
499 2588 660 2675 aggressus,
682 2596 712 2652 iri
733 2593 910 2655 deditionem

221 2669 338 2753 ‘redegit
355 2691 457 2753 :atque
475 2674 547 2734 intra
559 2675 710 2735 triennium
729 2675 806 2735 bello
824 2675 911 2736 finem

232 2751 316 2810 dedit.
352 2753 461 2812 Primus
497 2755 626 2814 omnium
653 2755 849 2816 Romanorum
880 2758 912 2816 in

142 2896 145 2902 .
231 2832 328 2892 Tauro
353 2835 408 2892 iter
436 2833 512 2894 fecit.
538 2836 689 2898 Revertens
701 2877 717 2910 ,-
735 2838 913 2922 triumphum

232 2916 358 2996 accepit,
380 2925 407 2977 &
423 2937 528 2978 nomen
545 2916 659 2978 Isamici
678 2922 788 2983 morunt.
