2060 3662
331 313 515 380 Linea
557 307 601 380 V.
763 329 805 400 59
847 315 850 321 ’

122 433 224 493 iterum
242 433 395 491 commisit.
412 429 510 490 Primo
528 429 624 510 praelio
642 428 805 512 quindecim

122 514 214 574 millia
240 510 365 572 hostium
388 510 535 572 intersesia
548 508 644 582 sunt,
676 508 754 572 filius
770 532 806 574 ue

121 593 256 656 Archelai
277 594 425 676 Diogenes
447 616 454 650 :
476 590 599 652 secundo
620 613 720 652 ornnes
774 595 808 651 i·

121 673 254 737 thridatis
274 676 362 756 copiae
383 675 511 734 extinsiae
534 672 598 734 sunt
620 696 627 732 ε
650 671 808 735 Archelaus

121 758 180 838 ipse
201 757 295 817 triduo
314 755 404 815 nudus
418 757 448 814 in
465 754 612 835 paludibus
629 755 719 815 latuit.
739 755 808 816 Hac

120 859 152 898 re
172 835 288 910 auditi,
305 834 487 898 Mithridates
503 857 568 896 cum
584 834 662 920 syna
680 835 715 896 de
735 855 807 917 paco

122 937 391 1060 agtvppntimffim
417 1017 452 1058 eo
470 1015 595 1080 tempore
614 997 692 1078 Sylla
717 999 806 1060 etiam

122 1077 293 1151 Dardanos,
305 1077 486 1151 Scordiscos,
496 1079 647 1139 Dalmatas
658 1087 684 1138 δι
693 1077 807 1142 Moesos

122 1164 226 1242 partim
246 1163 340 1231 uicit,
362 1162 433 1222 alios
451 1161 481 1220 in
502 1157 588 1220 fidem
607 1161 723 1240 accepit.
748 1159 806 1222 Sed

122 1240 189 1301 cuim
212 1244 299 1326 legati
319 1240 416 1326 {rege
434 1239 620 1312 Mithridate,
639 1242 689 1323 qui
705 1261 807 1322 pacem

122 1323 272 1404 petebant,
286 1321 436 1396 venissent,
453 1344 512 1384 non
530 1324 611 1384 aliter
628 1320 656 1382 se
674 1321 805 1384 daturum

124 1405 204 1486 Sylla
219 1402 272 1464 elle
285 1403 446 1486 respondit,
465 1406 521 1464 nisi
537 1404 599 1464 Rex
608 1449 622 1478 ,
642 1403 745 1465 telislis
758 1403 803 1467 his

121 1507 186 1626 pua
197 1507 399 1567 occupaverat,
410 1485 447 1546 ad
457 1505 575 1570 regnum
587 1485 668 1547 suum
680 1485 805 1548 redisset.

147 1565 223 1628 ostea
240 1587 337 1627 tamen
356 1568 392 1628 ad
414 1567 589 1648 colloquium
612 1567 699 1627 ambo
718 1587 806 1626 vene·
844 1613 845 1618 1

123 1667 207 1719 runt,
222 1669 276 1728 pax
294 1650 366 1706 inter
379 1669 428 1707 eos
444 1647 574 1708 ordinata
586 1645 626 1706 est
632 1671 643 1716 3
661 1669 692 1707 ut
707 1648 805 1728 Sylla,
879 1703 880 1706 ,

123 1727 162 1789 ad
178 1729 284 1788 bellum
299 1729 380 1788 civile
396 1726 547 1800 festinans,
564 1727 581 1787 a
595 1747 675 1812 tergo
694 1731 805 1807 pericu·

122 1809 184 1870 lum
195 1831 254 1869 non
265 1807 387 1870 haberet.
400 1809 479 1870 Nam
488 1809 556 1870 dum
567 1809 645 1890 Sylla
654 1811 684 1868 in
693 1807 805 1871 Achaia

122 1909 208 1972 atque
227 1889 297 1951 Asis
317 1889 516 1952 Mithridatem
539 1893 649 1961 vincit,
671 1891 805 1964 Marius,

123 1973 174 2054 qui
188 1970 300 2056 fugatus
314 1991 391 2045 etat,
403 1981 430 2034 δι
442 1971 594 2034 Cornelius
605 1971 721 2045 Cinna,
733 1993 805 2034 unus

123 2073 158 2112 ex
176 2051 365 2126 Consulibus,
386 2054 492 2114 bellum
509 2056 539 2114 in
553 2053 636 2114 ltalid
653 2073 805 2134 reparate·

123 2152 187 2193 mnt
209 2157 217 2191 t
235 2143 262 2195 δι
273 2137 388 2218 ingrcssi
402 2135 501 2194 urbem
521 2135 670 2204 Romam,
684 2132 804 2195 nobilis·

124 2216 213 2274 simos
228 2235 263 2275 ex
279 2215 384 2276 Senatu
396 2225 424 2276 δι
440 2213 612 2278 Consulares
629 2217 703 2274 viros
718 2215 805 2274 inter-

124 2293 250 2356 fecerunt
265 2318 278 2367 ς
308 2296 413 2356 multos
441 2294 658 2378 proscripserunt
683 2317 690 2352 :
717 2297 803 2378 ipsius

122 2376 209 2457 Syllae
230 2376 319 2438 domo
339 2377 452 2449 eversd,
472 2375 545 2438 filios
567 2381 595 2438 'dt
620 2395 744 2437 uxorem·
764 2378 803 2440 ad

123 2455 225 2542 fugam
255 2459 449 2538 compulerunt
477 2483 484 2518 :
513 2457 655 2528 universus
669 2460 731 2518 reli
753 2479 804 2520 uus

122 2535 242 2600 Senatus
252 2559 286 2600 ex
293 2541 373 2603 Urbe
384 2539 510 2626 firgiens,
520 2540 556 2602 ad
567 2541 674 2623 Syllam
686 2543 715 2600 in
727 2482 805 2602 gra·-

125 2621 200 2680 ciam
217 2623 319 2692 venit,
342 2643 444 2694 orans,
469 2641 501 2682 ut
539 2625 613 2682 atria
635 2621 801 2684 subveniret.

125 2699 177 2760 llle
197 2703 228 2761 in
246 2701 359 2762 ltaliam
378 2705 503 2782 trajecit,
519 2644 625 2763 hellum
644 2705 725 2762 civile
743 2701 804 2786 ges·

122 2799 202 2842 utros
233 2781 362 2843 adverstis
388 2784 559 2846 Norbanum
585 2794 611 2845 δι
640 2785 803 2864 Scipionem

124 2861 277 2926 Consules.
299 2865 339 2926 Et
362 2867 455 2947 primo
480 2867 576 2948 praelio
603 2885 699 3008 εὸιιιιει
720 2863 802 2924 Not*

655 2968 684 3026 Vl
