2110 3666
306 377 659 430 uarronn
749 386 813 452 ςμ

131 479 243 552 visior,
266 478 428 561 cunstisque
450 477 541 541 fuisset
559 481 657 561 plenus
672 480 775 553 bonis,
795 487 818 544 si

131 563 168 622 ad
209 559 438 644 cognoscendam
476 563 648 641 Reipublicae
688 565 818 646 gerendae

129 641 279 703 scientiam
294 645 421 704 animum
436 642 610 714 intendiffet,
630 642 714 783 *apua
727 646 816 726 prope

131 725 262 796 alienus,
283 746 342 798 non
362 721 452 784 modo
471 727 638 795 voluntate,
672 726 707 786 ed
729 727 816 788 etiam

131 807 264 865 exercitio
282 805 345 866 fuit.
366 805 443 866 Nam
463 805 532 866 dum
550 808 701 866 exercitum
721 809 816 890 negli-

132 905 230 969 geret,
250 895 277 946 &
315 909 399 948 aucos
420 909 453 946 ex
472 888 592 958 Alanis,
614 909 686 968 quos
706 889 817 971 ingenti

131 989 201 1028 auro
227 967 263 1028 ad
286 909 314 1027 si
338 966 533 1039 transtulerat,
556 967 706 1029 anteferret
728 975 815 1032 veteri

130 1069 164 1109 ac
185 1049 319 1108 Romano
338 1051 449 1122 miIItI,
476 1050 603 1152 adeopue
629 1050 815 1112 barbarorum

132 1134 271 1190 comitatu
290 1140 318 1191 δι
336 1131 423 1213 prope
447 1134 573 1192 amicitia
596 1149 761 1211 caperetur,
783 1153 815 1194 ut

130 1231 337 1293 nonnunquam
350 1213 463 1272 eodem
486 1211 584 1274 habitu
606 1216 657 1272 iter
685 1211 813 1287 faceret,

131 1292 199 1352 odia
213 1313 309 1354 contra
318 1292 352 1352 se
366 1296 489 1354 militum
503 1297 643 1355 excitavit.
659 1293 726 1354 Hoc
740 1314 814 1356 tern-

132 1393 201 1454 pore
217 1372 284 1433 -ccim
303 1375 449 1436 Maximus
472 1377 547 1457 apud
562 1375 737 1437 Britanniam
762 1398 812 1458 ty-

130 1455 284 1528 frannidem¹
295 1453 469 1537 arripuisset,
491 1467 518 1518 &
537 1459 567 1516 In
583 1457 711 1518 Galliam
726 1457 817 1518 traus-

130 1533 277 1609 misisset,
310 1537 346 1597 ab
372 1537 489 1598 infensis
514 1537 655 1599 Gratiano
685 1539 812 1622 legioni-

131 1617 183 1678 bus
214 1635 369 1689 exterus,
399 1619 571 1680 Gratianum
599 1617 741 1702 fugavit,
761 1641 813 1681 nec

131 1697 210 1758 morri
239 1639 395 1774 ensium,
421 1701 471 1782 qui
495 1701 566 1760 virit
594 1721 684 1760 annos
711 1703 814 1784 viginti

131 1801 246 1840 novem.

168 1861 307 1921 XLVIII.
329 1859 512 1922 Theodosius
531 1864 644 1944 genitus
659 1881 735 1942 patre
750 1863 814 1924 Ho-

128 1944 240 2015 norio,
266 1962 355 2002 matre
379 1940 589 2016 Thermantia,
609 1965 711 2027 genere
736 1945 811 2006 His-

128 2042 238 2100 panus,
261 2025 402 2107 originem
424 2021 441 2084 Ξι
460 2025 585 2104 Trajano
608 2028 732 2106 principe
754 2047 813 2087 tra·

129 2101 221 2174 hens,
241 2101 257 2162 *a
274 2105 415 2166 Gratiano
435 2105 563 2189 Augusto
584 2107 658 2187 apud
675 2109 811 2172 Sirmium

128 2184 288 2266 Imperator
306 2183 439 2256 mittiue,
460 2189 589 2270 regnavit
606 2209 695 2248 annos
713 2187 811 2250 decem

128 2275 156 2326 δι
183 2265 299 2346 septem.
326 2267 402 2326 Huic
431 2267 526 2328 ferunt
557 2289 664 2328 nornen
697 2267 812 2332 somnio

126 2367 253 2427 patentes
271 2351 396 2408 monitos
414 2345 577 2421 sacravisse,
597 2369 628 2408 ut
647 2351 748 2410 Latine
769 2355 812 2413 in-

128 2429 305 2512 tessigimus,
326 2426 343 2488 ὲ
361 2431 426 2490 Deo
446 2430 553 2490 datum.
577 2431 623 2490 De
645 2429 700 2490 hoc
724 2433 810 2494 etiam

93 2575 97 2580 ,
127 2511 243 2570 oraculo
258 2511 289 2568 in
306 2508 376 2570 Asia
391 2511 568 2595 divulgatum
586 2510 647 2582 est,
667 2534 731 2572 eum
747 2513 812 2574 Va-

127 2589 197 2651 lenti
219 2587 426 2662 successurum,
446 2597 523 2672 cujus
544 2614 683 2654 nomene
704 2602 729 2654 Θ
746 2603 810 2658 &E

126 2679 201 2732 &0
226 2692 309 2754 atque
331 2682 359 2733 Δ
382 2673 488 2734 Graccis
517 2675 615 2735 litteris
639 2677 807 2736 initiaretur.

125 2751 195 2830 Qua
218 2757 389 2837 cognatione
408 2757 538 2836 principii
558 2755 693 2837 deceptus
707 2755 808 2816 Theo-

126 2833 228 2906 dorus,
251 2835 315 2895 crim
340 2834 395 2896 sibi
414 2837 562 2918 imperium
583 2837 679 2897 deberi
701 2835 807 2918 praesu-

125 2935 235 2986 meret,
255 2915 372 2977 scelestae
390 2918 528 2996 cupidinis
547 2917 682 3000 supplicia
701 2915 809 2998 persol-

123 2998 173 3060 vit.
201 2999 266 3060 Fuit
297 3017 392 3062 autem
420 2997 601 3064 Theodosius
612 3019 807 3144 Ppropagator

655 3104 685 3146 tu
