2142 3664
248 302 316 353 or
346 286 683 366 causaturus.
736 291 799 374 265
859 341 860 345 ,

126 405 244 487 Optimi
252 406 429 476 mortalium,
439 407 504 464 vitot'
515 403 629 474 decore,
638 400 724 485 quim
734 425 809 485 quae·

126 491 186 548 sitis
200 489 364 547 nominibus
378 507 462 567 atque
476 487 653 566 compositis,
668 484 808 566 ¹quantum
841 493 843 500 '

127 566 292 648 eonjiciatut
305 614 316 647 ,
337 569 436 627 caeluni
455 566 578 638 adeunt,
601 565 649 626 seu
662 565 741 626 samir
757 565 810 628 ho-

127 653 239 720 minum
252 651 310 710 Dei
327 649 498 708 celebrantur
515 647 613 709 modo,
636 649 676 706 At
690 649 809 709 Senatus

128 751 275 812 comperto
289 731 339 790 tali
353 732 460 802 exitio,
475 729 606 790 satellites
622 729 811 810 propinquos-

128 834 183 954 que
200 833 248 892 per
265 810 354 872 scalas
372 811 529 872 Gemonias
547 831 665 891 praeceps
683 811 810 893 agendos
844 819 847 824 '

148 914 272 963 ecrevrt,
292 913 466 974 patronoque
486 890 546 952 sisci
565 894 594 952 in
609 892 727 952 Curiam
746 913 812 972 per-

130 976 195 1036 duci
213 972 324 1034 effossos
338 975 441 1036 oculos
461 971 617 1054 pependisse
638 973 704 1034 satis
723 972 810 1033 cons-

129 1075 196 1126 tat,-
219 1055 283 1116 etim
303 1058 407 1115 irruens
427 1056 551 1138 vulgus,
575 1057 636 1136 pari
663 1057 811 1125 clamore,

130 1137 254 1197 Terram
272 1157 415 1208 matrem,
434 1135 568 1218 Deosque
588 1134 693 1196 inferos
710 1157 815 1215 preca-¹

131 1237 228 1288 retur,
254 1216 330 1279 sedes
355 1221 456 1298 impias
479 1219 520 1276 uti
547 1217 681 1278 Gallieno
706 1215 813 1279 darent.

132 1301 177 1360 Ac
193 1300 247 1358 nisi
261 1299 398 1361 Claudius
412 1297 559 1360 confestim
574 1297 683 1379 recepti
696 1299 815 1358 Medio*
884 1336 888 1347 ι

132 1382 203 1442 liani
225 1382 317 1450 urbe,
345 1400 492 1460 tamquam
516 1378 654 1460 postulato
679 1379 815 1442 exercitiis

132 1462 328 1542 parcendum,
349 1465 399 1542 qui
418 1461 491 1520 fone
511 1482 609 1520 eorum
632 1460 814 1541 supererant,

133 1541 331 1625 praecepisset,
359 1543 492 1601 nobilitas
518 1541 667 1622 plebesque
696 1545 816 1603 atrocius

135 1622 326 1707 grassarentur.
358 1623 397 1680 Et
424 1624 518 1681 Patres
549 1623 688 1702 quidem,
720 1643 817 1702 praeter

136 1723 289 1764 commune
307 1703 433 1761 Romani
450 1703 557 1762 malum
575 1704 673 1774 orbis,
694 1701 818 1764 stimula-

136 1787 189 1845 bat'
207 1806 258 1865 pro
277 1785 311 1842 rii
327 1783 432 1844 ordinis
450 1785 621 1846 contumelia
640 1809 646 1842 :
667 1788 733 1867 quia
754 1789 817 1866 pri-.

137 1887 200 1925 mus
220 1805 299 1946 ipse,
320 1884 397 1924 metu
414 1863 546 1926 socordiae
564 1863 642 1935 suae,
667 1875 702 1926 ne
721 1868 815 1947 impe-

135 1951 210 2007 rium
229 1946 264 2006 ad
283 1946 418 2026 Optimos
437 1947 588 2006 Nobilium
604 1947 816 2018 transferretur,

135 2030 273 2090 Senatum
289 2027 391 2088 militia
407 2031 517 2099 vetuit,
539 2030 624 2086 etiam
641 2030 717 2092 adire
736 2051 819 2088 exer-
901 2072 903 2076 -

136 2113 235 2170 citum.
273 2109 349 2174 Huic
382 2125 486 2168 novem
510 2121 658 2170 'annorum
694 2113 820 2190 potentia

137 2189 205 2252 suirss
816 2221 820 2228 ·

178 2270 340 2332 XXXIV.
363 2270 418 2332 Sed
438 2270 555 2332 Claudii
574 2271 727 2352 Imperium
743 2273 821 2333 mili-

139 2373 202 2425 tes,
231 2375 302 2433 quos
328 2352 386 2412 sere
416 2373 512 2412 contra
538 2356 685 2435 ingenium
709 2355 821 2435 perdita
891 2411 893 2424 ,

139 2455 181 2494 res
202 2432 336 2517 subigunt
357 2437 431 2494 rebla
455 2431 622 2506 consulere,
648 2435 697 2494 ubi
719 2437 823 2497 affliela

137 2517 239 2592 'omnia
259 2513 441 2596 perspexlere,
466 2515 554 2574 avide
574 2517 748 2596 approbant,
769 2539 821 2578 ex-

141 2597 321 2677 tolluntque,
340 2598 394 2654 viri
413 2597 543 2656 laborum
556 2599 714 2676 patientis,
735 2601 824 2681 aqui-

106 2708 108 2712 ·
142 2698 196 2757 que
217 2699 250 2736 ac
269 2676 376 2756 prorstis
396 2677 483 2736 dediti
503 2677 683 2756 Reipublicae.
707 2680 822 2760 Quippe

142 2778 173 2816 ut
187 2759 275 2838 longo
289 2758 437 2817 intervallo
450 2758 604 2816 Deciorum
621 2781 728 2818 morem
742 2783 824 2820 reno·

142 2841 258 2910 voverit„
275 2839 353 2900 Nam
371 2836 435 2900 crim
447 2840 547 2920 pellere
568 2837 681 2900 Gothos
695 2831 824 2921 cuperet,

668 2919 703 2980 M
