2060 3662
298 303 480 422 iruna
531 348 628 420 III.
757 319 796 444 ξς

120 493 184 534 cum
204 475 324 534 exercitu
343 475 373 534 in
390 469 560 554 Hispaniam
582 469 721 552 profestus
741 471 800 546 est,

118 551 251 616 Tiberius
268 554 448 636 Sempronius
469 557 498 614 in
517 555 644 615 Siciliam
666 578 672 610 ι
694 553 801 616 bellum

119 635 404 722 Carthaginiensibus
418 636 555 696 inditium
571 633 617 695 est.
633 635 802 710 Hannibal,

118 719 218 778 relisio
250 720 281 778 in
309 715 449 800 Hispaniis
480 716 563 776 fratre
592 713 803 789 Hasdrubale,

119 797 285 882 Pyrenaeum
298 801 406 860 transiit
420 823 426 856 :
442 799 549 878 Alpes,
574 796 665 858 adhuc
680 797 712 858 cai
725 819 805 880 parte

121 882 239 952 invias,
257 879 312 940 sibi
330 879 469 960 patefecit.
486 879 621 940 Traditur
638 877 675 940 ad
688 879 805 942 Italiam

122 964 273 1044 osioginta
290 963 379 1020 millia
399 961 545 1042 peditum,
567 971 594 1020 δι
614 961 717 1044 viginti
736 963 804 1022 mil-

123 1043 163 1101 lia
180 1045 328 1123 equitum,
350 1041 455 1123 septem
467 1051 493 1102 &
508 1043 623 1182 tripinta
640 1041 807 1122 elephantos

124 1121 275 1184 adduxisse.
301 1124 409 1184 Interea
432 1123 515 1183 multi
566 1125 656 1206 iguies
679 1123 808 1189 &Galli

123 1203 283 1265 Hannssaali
314 1203 342 1265 se
377 1211 588 1286 conjunxerunt.
624 1205 807 1286 Sempronius

126 1284 292 1358 Gracchus,
315 1289 431 1365 cognito
448 1285 485 1348 ad
503 1287 617 1346 Italiam
634 1285 808 1348 Hannibalis

125 1367 271 1439 adventu,
292 1389 325 1428 ex
347 1367 444 1428 Sicilia
466 1371 618 1427 exercitum
642 1369 808 1430 Ariminum

124 1450 241 1528 trajecit.
761 1511 764 1515 ,

167 1529 226 1590 ΙΧ.
247 1529 361 1591 Publius
375 1529 525 1592 Cornelius
539 1531 635 1610 Scipio
648 1529 809 1594 Hannibali

147 1613 232 1671 rimus
244 1617 384 1672 occurrit:
401 1609 548 1671 commisso
566 1613 682 1692 praelio,
702 1612 810 1696 fugatis

125 1633 184 1752 luis
208 1738 218 1763 ,
247 1689 304 1772 ipse
342 1693 501 1752 vulneratus
540 1694 569 1751 in
598 1691 684 1752 calita
716 1693 810 1756 rediit.

128 1773 310 1853 Sempronius
323 1771 507 1834 Gracchus&
522 1771 579 1854 ipse
595 1773 723 1858 confligit
733 1773 810 1856 apud

126 1851 266 1915 Trebiam
279 1877 394 1915 amnem
408 1879 414 1913 :
429 1858 451 1915 is
463 1877 575 1938 quoque
588 1858 717 1916 vincitur.
729 1857 810 1918 Han-

125 1937 218 1997 nibali
246 1938 328 1996 multi
342 1935 370 1997 se
391 1939 420 1996 in
439 1936 521 1996 Italia
542 1937 716 1999 dediderunt.
738 1935 810 1998 Inde

127 2017 167 2077 ad
186 2015 320 2077 Tusciam
341 2019 455 2078 veniens
474 2017 647 2089 Hannibal,
665 2019 810 2080 Flaminio

127 2097 252 2160 Consuli
271 2102 410 2159 occurrit:
428 2097 519 2180 ipsum
534 2099 708 2160 Flaminium
724 2101 812 2160 inter-

127 2183 200 2240 emit
217 2203 223 2237 :
240 2181 437 2240 Romanorum
458 2181 562 2262 viginti
578 2183 647 2262 quin
670 2202 703 2238 ue
721 2183 813 2244 millia

129 2259 200 2320 caesa
213 2259 293 2332 sunt,
309 2264 399 2321 caeteri
410 2257 589 2346 diffugerunt.
604 2203 704 2322 Mii'us
717 2263 813 2322 adver-

131 2341 176 2402 sus
186 2341 380 2403 Hannibalem
398 2339 492 2423 postea
504 2340 520 2402 ὲ
533 2342 671 2404 Romanis
689 2343 814 2422 Quintus

130 2423 234 2484 Fabius
251 2425 405 2485 Maximus.
431 2423 457 2484 ls
478 2447 563 2496 cum,
585 2421 740 2488 differendo
760 2449 815 2508 pu·

131 2525 244 2588 gnam,
268 2507 305 2566 ab
334 2509 443 2586 impetu
471 2505 580 2592 fregit,
605 2529 674 2568 mox
700 2505 815 2568 inventi

131 2607 281 2647 occasione
298 2607 375 2646 vrcrr.

172 2668 210 2728 X.
224 2669 461 2752 Quingentesimo
472 2669 725 2751 &quadragesimo
737 2693 816 2735 anno

132 2747 150 2808 ὲ
180 2748 294 2809 conditi
321 2747 426 2820 Urbe,
456 2751 488 2809 L.
519 2749 656 2812 AEmilius
686 2751 816 2824 Paulus,

131 2829 165 2892 P.
191 2829 338 2892 Terentius
359 2831 474 2902 Varro,
506 2854 602 2894 contra
621 2831 816 2896 Hannibalem

89 2939 102 2954 ·
131 2913 301 2984 mittuntur,
312 2912 459 2992 Fabioque
471 2911 620 2976 succedunt
633 2937 639 2970 :
653 2915 702 2995 qui
713 2913 817 2977 Fabius
902 2969 908 2979 .

621 2993 693 3074 ij
