<?xml version="1.0" encoding="UTF-8"?>
<!DOCTYPE html PUBLIC "-//W3C//DTD XHTML 1.0 Transitional//EN"
    "http://www.w3.org/TR/xhtml1/DTD/xhtml1-transitional.dtd">
<html xmlns="http://www.w3.org/1999/xhtml" xml:lang="en" lang="en">
 <head>
  <title>
</title>
<meta http-equiv="Content-Type" content="text/html;charset=utf-8" />
  <meta name='ocr-system' content='tesseract 3.04.00' />
  <meta name='ocr-capabilities' content='ocr_page ocr_carea ocr_par ocr_line ocrx_word'/>
</head>
<body>
  <div class='ocr_page' id='page_1' title='image "./eutropiisextaur00victgoog_0301.png"; bbox 0 0 2110 3666; ppageno 0'>
   <div class='ocr_carea' id='block_1_1' title="bbox 236 339 787 430">
    <p class='ocr_par' dir='ltr' id='par_1_1' title="bbox 236 339 787 430">
     <span class='ocr_line' id='line_1_1' title="bbox 236 339 787 430; baseline -0.013 -20"><span class='ocrx_word' id='word_1_1' title='bbox 236 365 306 430; x_wconf 80' lang='lat'>294</span> <span class='ocrx_word' id='word_1_2' title='bbox 354 339 481 410; x_wconf 76' lang='lat' dir='ltr'>Aur.</span> <span class='ocrx_word' id='word_1_3' title='bbox 511 340 787 410; x_wconf 77' lang='lat' dir='ltr'>Vrcrorrs</span> 
     </span>
    </p>
   </div>
   <div class='ocr_carea' id='block_1_2' title="bbox 232 458 956 2983">
    <p class='ocr_par' dir='ltr' id='par_1_2' title="bbox 232 458 918 602">
     <span class='ocr_line' id='line_1_2' title="bbox 232 458 918 541; baseline 0.001 -21"><span class='ocrx_word' id='word_1_4' title='bbox 232 480 282 520; x_wconf 81' lang='lat' dir='ltr'>aut</span> <span class='ocrx_word' id='word_1_5' title='bbox 295 479 355 520; x_wconf 83' lang='lat' dir='ltr'>tam</span> <span class='ocrx_word' id='word_1_6' title='bbox 369 459 418 519; x_wconf 86' lang='lat' dir='ltr'>diu</span> <span class='ocrx_word' id='word_1_7' title='bbox 437 458 642 539; x_wconf 66' lang='lat' dir='ltr'>capotuerat,</span> <span class='ocrx_word' id='word_1_8' title='bbox 662 461 715 519; x_wconf 89' lang='lat' dir='ltr'>nisi</span> <span class='ocrx_word' id='word_1_9' title='bbox 734 460 847 541; x_wconf 80' lang='lat' dir='ltr'>magnis</span> <span class='ocrx_word' id='word_1_10' title='bbox 864 479 918 521; x_wconf 81' lang='lat' dir='ltr'>na-</span> 
     </span>
     <span class='ocr_line' id='line_1_3' title="bbox 234 537 814 602; baseline -0.005 -1"><span class='ocrx_word' id='word_1_11' title='bbox 234 561 300 601; x_wconf 82' lang='lat' dir='ltr'>turae</span> <span class='ocrx_word' id='word_1_12' title='bbox 319 550 347 602; x_wconf 86' lang='lat'>&amp;</span> <span class='ocrx_word' id='word_1_13' title='bbox 366 539 523 599; x_wconf 87' lang='lat' dir='ltr'>studiorum</span> <span class='ocrx_word' id='word_1_14' title='bbox 540 541 624 600; x_wconf 89' lang='lat' dir='ltr'>bonis</span> <span class='ocrx_word' id='word_1_15' title='bbox 643 537 814 599; x_wconf 74' lang='lat' dir='ltr'>abunddffet.</span> 
     </span>
    </p>

    <p class='ocr_par' dir='ltr' id='par_1_3' title="bbox 236 619 956 1760">
     <span class='ocr_line' id='line_1_4' title="bbox 275 619 919 696; baseline 0.005 -16"><span class='ocrx_word' id='word_1_16' title='bbox 275 621 313 681; x_wconf 92' lang='grc' dir='ltr'>ΙΙ.</span> <span class='ocrx_word' id='word_1_17' title='bbox 336 621 474 684; x_wconf 83' lang='lat' dir='ltr'>Claudius</span> <span class='ocrx_word' id='word_1_18' title='bbox 491 620 621 681; x_wconf 85' lang='lat' dir='ltr'>Tiberius</span> <span class='ocrx_word' id='word_1_19' title='bbox 639 622 726 696; x_wconf 81' lang='lat' dir='ltr'>Liviae</span> <span class='ocrx_word' id='word_1_20' title='bbox 744 619 835 693; x_wconf 83' lang='lat' dir='ltr'>iilius,</span> <span class='ocrx_word' id='word_1_21' title='bbox 854 621 919 683; x_wconf 77' lang='lat' dir='ltr'>Cae-</span> 
     </span>
     <span class='ocr_line' id='line_1_5' title="bbox 236 698 918 786; baseline -0.001 -23"><span class='ocrx_word' id='word_1_22' title='bbox 236 701 304 763; x_wconf 82' lang='lat' dir='ltr'>saris</span> <span class='ocrx_word' id='word_1_23' title='bbox 328 703 484 764; x_wconf 70' lang='lat' dir='ltr'>Ostaviani</span> <span class='ocrx_word' id='word_1_24' title='bbox 521 698 645 786; x_wconf 79' lang='lat' dir='ltr'>rivigirus</span> <span class='ocrx_word' id='word_1_25' title='bbox 663 703 812 782; x_wconf 84' lang='lat' dir='ltr'>imperavit</span> <span class='ocrx_word' id='word_1_26' title='bbox 836 705 918 772; x_wconf 81' lang='lat' dir='ltr'>annis</span> 
     </span>
     <span class='ocr_line' id='line_1_6' title="bbox 236 779 956 866; baseline -0.006 -22"><span class='ocrx_word' id='word_1_27' title='bbox 236 785 340 866; x_wconf 75' lang='lat' dir='ltr'>viginti</span> <span class='ocrx_word' id='word_1_28' title='bbox 365 783 462 844; x_wconf 86' lang='lat' dir='ltr'>tribus.</span> <span class='ocrx_word' id='word_1_29' title='bbox 483 784 496 843; x_wconf 94' lang='lat' dir='ltr'>I</span> <span class='ocrx_word' id='word_1_30' title='bbox 549 829 560 855; x_wconf 90' lang='lat'>,</span> <span class='ocrx_word' id='word_1_31' title='bbox 581 787 647 865; x_wconf 76' lang='lat' dir='ltr'>quir</span> <span class='ocrx_word' id='word_1_32' title='bbox 667 783 805 844; x_wconf 81' lang='lat' dir='ltr'>Claudius</span> <span class='ocrx_word' id='word_1_33' title='bbox 826 781 918 841; x_wconf 88' lang='lat' dir='ltr'>Tibe-</span> <span class='ocrx_word' id='word_1_34' title='bbox 952 779 956 786; x_wconf 75' lang='grc'>’</span> 
     </span>
     <span class='ocr_line' id='line_1_7' title="bbox 236 863 947 946; baseline 0 -22"><span class='ocrx_word' id='word_1_35' title='bbox 236 867 293 924; x_wconf 88' lang='lat' dir='ltr'>rius</span> <span class='ocrx_word' id='word_1_36' title='bbox 310 865 389 925; x_wconf 88' lang='lat' dir='ltr'>Nero</span> <span class='ocrx_word' id='word_1_37' title='bbox 409 865 574 936; x_wconf 84' lang='lat' dir='ltr'>dicebatur,</span> <span class='ocrx_word' id='word_1_38' title='bbox 593 867 734 946; x_wconf 80' lang='lat' dir='ltr'>eleganter</span> <span class='ocrx_word' id='word_1_39' title='bbox 753 863 769 924; x_wconf 66' lang='lat' dir='ltr'>’a</span> <span class='ocrx_word' id='word_1_40' title='bbox 785 865 920 944; x_wconf 82' lang='lat' dir='ltr'>joculari·</span> <span class='ocrx_word' id='word_1_41' title='bbox 942 919 947 924; x_wconf 92' lang='lat'>.</span> 
     </span>
     <span class='ocr_line' id='line_1_8' title="bbox 237 945 920 1017; baseline -0.001 -11"><span class='ocrx_word' id='word_1_42' title='bbox 237 946 309 1017; x_wconf 87' lang='lat' dir='ltr'>bus,</span> <span class='ocrx_word' id='word_1_43' title='bbox 330 945 598 1016; x_wconf 82' lang='lat' dir='ltr'>CaldiusBiberius</span> <span class='ocrx_word' id='word_1_44' title='bbox 621 947 706 1006; x_wconf 85' lang='lat' dir='ltr'>Mero</span> <span class='ocrx_word' id='word_1_45' title='bbox 728 947 768 1004; x_wconf 94' lang='lat' dir='ltr'>ob</span> <span class='ocrx_word' id='word_1_46' title='bbox 788 946 920 1006; x_wconf 89' lang='lat' dir='ltr'>vinolen-</span> 
     </span>
     <span class='ocr_line' id='line_1_9' title="bbox 238 1025 918 1107; baseline 0 -19"><span class='ocrx_word' id='word_1_47' title='bbox 238 1029 309 1088; x_wconf 83' lang='lat' dir='ltr'>tiam</span> <span class='ocrx_word' id='word_1_48' title='bbox 332 1031 494 1089; x_wconf 82' lang='lat' dir='ltr'>nominatus</span> <span class='ocrx_word' id='word_1_49' title='bbox 518 1025 567 1087; x_wconf 85' lang='lat' dir='ltr'>est.</span> <span class='ocrx_word' id='word_1_50' title='bbox 588 1027 660 1088; x_wconf 75' lang='lat' dir='ltr'>Setis</span> <span class='ocrx_word' id='word_1_51' title='bbox 677 1026 795 1107; x_wconf 83' lang='lat' dir='ltr'>prudens</span> <span class='ocrx_word' id='word_1_52' title='bbox 817 1029 848 1086; x_wconf 90' lang='lat' dir='ltr'>in</span> <span class='ocrx_word' id='word_1_53' title='bbox 868 1049 918 1088; x_wconf 87' lang='lat' dir='ltr'>ar-</span> 
     </span>
     <span class='ocr_line' id='line_1_10' title="bbox 238 1105 920 1190; baseline 0.003 -22"><span class='ocrx_word' id='word_1_54' title='bbox 238 1111 313 1179; x_wconf 86' lang='lat' dir='ltr'>mis,</span> <span class='ocrx_word' id='word_1_55' title='bbox 345 1107 416 1169; x_wconf 80' lang='lat' dir='ltr'>saris</span> <span class='ocrx_word' id='word_1_56' title='bbox 433 1131 467 1168; x_wconf 85' lang='lat' dir='ltr'>ue</span> <span class='ocrx_word' id='word_1_57' title='bbox 496 1107 654 1168; x_wconf 82' lang='lat' dir='ltr'>fortunatus</span> <span class='ocrx_word' id='word_1_58' title='bbox 682 1129 746 1168; x_wconf 85' lang='lat' dir='ltr'>ante</span> <span class='ocrx_word' id='word_1_59' title='bbox 776 1105 920 1190; x_wconf 83' lang='lat' dir='ltr'>sumptum</span> 
     </span>
     <span class='ocr_line' id='line_1_11' title="bbox 239 1131 920 1274; baseline 0.006 -26"><span class='ocrx_word' id='word_1_60' title='bbox 239 1192 392 1270; x_wconf 77' lang='lat' dir='ltr'>imperium</span> <span class='ocrx_word' id='word_1_61' title='bbox 411 1131 463 1250; x_wconf 61' lang='lat' dir='ltr'>llub</span> <span class='ocrx_word' id='word_1_62' title='bbox 481 1189 609 1274; x_wconf 87' lang='lat' dir='ltr'>Augusto</span> <span class='ocrx_word' id='word_1_63' title='bbox 634 1189 707 1264; x_wconf 83' lang='lat' dir='ltr'>fuit,</span> <span class='ocrx_word' id='word_1_64' title='bbox 730 1209 761 1251; x_wconf 87' lang='lat' dir='ltr'>ut</span> <span class='ocrx_word' id='word_1_65' title='bbox 780 1213 839 1251; x_wconf 90' lang='lat' dir='ltr'>non</span> <span class='ocrx_word' id='word_1_66' title='bbox 859 1194 920 1252; x_wconf 88' lang='lat' dir='ltr'>inr-</span> 
     </span>
     <span class='ocr_line' id='line_1_12' title="bbox 240 1269 921 1352; baseline 0.001 -22"><span class='ocrx_word' id='word_1_67' title='bbox 240 1269 343 1330; x_wconf 79' lang='lat' dir='ltr'>meritb</span> <span class='ocrx_word' id='word_1_68' title='bbox 366 1271 537 1352; x_wconf 79' lang='lat' dir='ltr'>Reipublicae</span> <span class='ocrx_word' id='word_1_69' title='bbox 557 1272 720 1334; x_wconf 81' lang='lat' dir='ltr'>dominatus</span> <span class='ocrx_word' id='word_1_70' title='bbox 739 1275 765 1332; x_wconf 85' lang='lat' dir='ltr'>ei</span> <span class='ocrx_word' id='word_1_71' title='bbox 782 1274 921 1331; x_wconf 54' lang='lat' dir='ltr'>commit*</span> 
     </span>
     <span class='ocr_line' id='line_1_13' title="bbox 240 1351 922 1414; baseline 0.001 -2"><span class='ocrx_word' id='word_1_72' title='bbox 240 1371 351 1412; x_wconf 83' lang='lat' dir='ltr'>teretur.</span> <span class='ocrx_word' id='word_1_73' title='bbox 366 1353 461 1414; x_wconf 77' lang='lat' dir='ltr'>Inerat</span> <span class='ocrx_word' id='word_1_74' title='bbox 473 1357 501 1414; x_wconf 87' lang='lat' dir='ltr'>ei</span> <span class='ocrx_word' id='word_1_75' title='bbox 517 1351 633 1414; x_wconf 78' lang='lat' dir='ltr'>scientia</span> <span class='ocrx_word' id='word_1_76' title='bbox 650 1355 805 1414; x_wconf 83' lang='lat' dir='ltr'>litterarum</span> <span class='ocrx_word' id='word_1_77' title='bbox 823 1353 922 1413; x_wconf 86' lang='lat' dir='ltr'>multa.</span> 
     </span>
     <span class='ocr_line' id='line_1_14' title="bbox 241 1433 923 1517; baseline -0.004 -22"><span class='ocrx_word' id='word_1_78' title='bbox 241 1435 369 1516; x_wconf 84' lang='lat' dir='ltr'>Eloquio</span> <span class='ocrx_word' id='word_1_79' title='bbox 392 1436 523 1504; x_wconf 84' lang='lat' dir='ltr'>clarior,</span> <span class='ocrx_word' id='word_1_80' title='bbox 552 1433 600 1495; x_wconf 88' lang='lat' dir='ltr'>sed</span> <span class='ocrx_word' id='word_1_81' title='bbox 625 1437 742 1517; x_wconf 88' lang='lat' dir='ltr'>ingenio</span> <span class='ocrx_word' id='word_1_82' title='bbox 770 1435 923 1512; x_wconf 86' lang='lat' dir='ltr'>pessimo,</span> 
     </span>
     <span class='ocr_line' id='line_1_15' title="bbox 242 1511 925 1588; baseline -0.004 -13"><span class='ocrx_word' id='word_1_83' title='bbox 242 1518 338 1588; x_wconf 85' lang='lat' dir='ltr'>truci,</span> <span class='ocrx_word' id='word_1_84' title='bbox 366 1539 476 1588; x_wconf 84' lang='lat' dir='ltr'>avaro,</span> <span class='ocrx_word' id='word_1_85' title='bbox 501 1513 658 1586; x_wconf 84' lang='lat' dir='ltr'>insidioso,</span> <span class='ocrx_word' id='word_1_86' title='bbox 681 1515 815 1574; x_wconf 81' lang='lat' dir='ltr'>simulans</span> <span class='ocrx_word' id='word_1_87' title='bbox 837 1535 870 1573; x_wconf 81' lang='lat' dir='ltr'>ea</span> <span class='ocrx_word' id='word_1_88' title='bbox 895 1511 925 1573; x_wconf 87' lang='lat' dir='ltr'>se</span> 
     </span>
     <span class='ocr_line' id='line_1_16' title="bbox 241 1593 924 1680; baseline -0.003 -24"><span class='ocrx_word' id='word_1_89' title='bbox 241 1598 344 1668; x_wconf 78' lang='lat' dir='ltr'>velle,</span> <span class='ocrx_word' id='word_1_90' title='bbox 371 1619 433 1680; x_wconf 83' lang='lat' dir='ltr'>quae</span> <span class='ocrx_word' id='word_1_91' title='bbox 463 1598 570 1668; x_wconf 87' lang='lat' dir='ltr'>nollet,</span> <span class='ocrx_word' id='word_1_92' title='bbox 595 1595 639 1654; x_wconf 80' lang='lat' dir='ltr'>his</span> <span class='ocrx_word' id='word_1_93' title='bbox 665 1598 745 1675; x_wconf 82' lang='lat' dir='ltr'>quasi</span> <span class='ocrx_word' id='word_1_94' title='bbox 771 1593 924 1666; x_wconf 84' lang='lat' dir='ltr'>infensus,</span> 
     </span>
     <span class='ocr_line' id='line_1_17' title="bbox 243 1673 927 1760; baseline -0.006 -22"><span class='ocrx_word' id='word_1_95' title='bbox 243 1679 346 1760; x_wconf 86' lang='lat' dir='ltr'>quibus</span> <span class='ocrx_word' id='word_1_96' title='bbox 374 1677 531 1739; x_wconf 84' lang='lat' dir='ltr'>consultum</span> <span class='ocrx_word' id='word_1_97' title='bbox 566 1676 721 1758; x_wconf 80' lang='lat' dir='ltr'>cupiebat,</span> <span class='ocrx_word' id='word_1_98' title='bbox 752 1673 795 1735; x_wconf 89' lang='lat' dir='ltr'>his</span> <span class='ocrx_word' id='word_1_99' title='bbox 824 1673 927 1746; x_wconf 80' lang='lat' dir='ltr'>verb,</span> 
     </span>
    </p>

    <p class='ocr_par' dir='ltr' id='par_1_4' title="bbox 242 1757 940 2983">
     <span class='ocr_line' id='line_1_18' title="bbox 266 1757 925 1840; baseline -0.005 -21"><span class='ocrx_word' id='word_1_100' title='bbox 266 1782 316 1819; x_wconf 90' lang='lat' dir='ltr'>uos</span> <span class='ocrx_word' id='word_1_101' title='bbox 345 1761 462 1830; x_wconf 80' lang='lat' dir='ltr'>oderat,</span> <span class='ocrx_word' id='word_1_102' title='bbox 490 1760 572 1840; x_wconf 83' lang='lat' dir='ltr'>quasi</span> <span class='ocrx_word' id='word_1_103' title='bbox 600 1757 752 1817; x_wconf 81' lang='lat' dir='ltr'>benevolus</span> <span class='ocrx_word' id='word_1_104' title='bbox 778 1777 925 1836; x_wconf 80' lang='lat' dir='ltr'>apparens.</span> 
     </span>
     <span class='ocr_line' id='line_1_19' title="bbox 243 1782 930 1920; baseline -0.006 -20"><span class='ocrx_word' id='word_1_105' title='bbox 243 1782 409 1920; x_wconf 64' lang='lat' dir='ltr'>lepentnn</span> <span class='ocrx_word' id='word_1_106' title='bbox 425 1837 717 1919; x_wconf 75' lang='lat' dir='ltr'>responsionibus‚aut</span> <span class='ocrx_word' id='word_1_107' title='bbox 728 1839 851 1914; x_wconf 85' lang='lat' dir='ltr'>consiliis</span> <span class='ocrx_word' id='word_1_108' title='bbox 865 1859 930 1896; x_wconf 87' lang='lat' dir='ltr'>me-</span> 
     </span>
     <span class='ocr_line' id='line_1_20' title="bbox 242 1917 929 2001; baseline -0.001 -21"><span class='ocrx_word' id='word_1_109' title='bbox 242 1922 322 1990; x_wconf 88' lang='lat' dir='ltr'>lior,</span> <span class='ocrx_word' id='word_1_110' title='bbox 341 1919 429 2001; x_wconf 80' lang='lat' dir='ltr'>quim</span> <span class='ocrx_word' id='word_1_111' title='bbox 447 1919 597 1980; x_wconf 84' lang='lat' dir='ltr'>meditatis.</span> <span class='ocrx_word' id='word_1_112' title='bbox 615 1920 748 2001; x_wconf 80' lang='lat' dir='ltr'>Denique</span> <span class='ocrx_word' id='word_1_113' title='bbox 766 1919 889 1979; x_wconf 81' lang='lat' dir='ltr'>delatum</span> <span class='ocrx_word' id='word_1_114' title='bbox 910 1917 929 1979; x_wconf 74' lang='lat' dir='ltr'>it</span> 
     </span>
     <span class='ocr_line' id='line_1_21' title="bbox 242 1998 929 2082; baseline -0.006 -18"><span class='ocrx_word' id='word_1_115' title='bbox 242 2002 375 2064; x_wconf 83' lang='lat' dir='ltr'>Patribus</span> <span class='ocrx_word' id='word_1_116' title='bbox 420 2002 587 2082; x_wconf 84' lang='lat' dir='ltr'>rincipatum</span> <span class='ocrx_word' id='word_1_117' title='bbox 611 2001 713 2082; x_wconf 91' lang='lat' dir='ltr'>(quod</span> <span class='ocrx_word' id='word_1_118' title='bbox 730 2001 846 2082; x_wconf 81' lang='lat' dir='ltr'>quidem</span> <span class='ocrx_word' id='word_1_119' title='bbox 868 1998 929 2060; x_wconf 91' lang='lat' dir='ltr'>astu</span> 
     </span>
     <span class='ocr_line' id='line_1_22' title="bbox 245 2022 930 2166; baseline -0.007 -21"><span class='ocrx_word' id='word_1_120' title='bbox 245 2083 372 2161; x_wconf 80' lang='lat' dir='ltr'>fecerat)</span> <span class='ocrx_word' id='word_1_121' title='bbox 391 2022 455 2144; x_wconf 66' lang='lat' dir='ltr'>litte</span> <span class='ocrx_word' id='word_1_122' title='bbox 477 2084 618 2153; x_wconf 83' lang='lat' dir='ltr'>abnuere,</span> <span class='ocrx_word' id='word_1_123' title='bbox 640 2081 710 2163; x_wconf 88' lang='lat' dir='ltr'>quid</span> <span class='ocrx_word' id='word_1_124' title='bbox 732 2083 836 2166; x_wconf 80' lang='lat' dir='ltr'>singuli</span> <span class='ocrx_word' id='word_1_125' title='bbox 853 2079 930 2141; x_wconf 87' lang='lat' dir='ltr'>dice·</span> 
     </span>
     <span class='ocr_line' id='line_1_23' title="bbox 246 2163 931 2242; baseline -0.006 -16"><span class='ocrx_word' id='word_1_126' title='bbox 246 2186 332 2240; x_wconf 88' lang='lat' dir='ltr'>rent,</span> <span class='ocrx_word' id='word_1_127' title='bbox 357 2167 404 2227; x_wconf 78' lang='lat' dir='ltr'>vel</span> <span class='ocrx_word' id='word_1_128' title='bbox 436 2163 568 2226; x_wconf 82' lang='lat' dir='ltr'>sentirent</span> <span class='ocrx_word' id='word_1_129' title='bbox 596 2165 728 2225; x_wconf 77' lang='lat' dir='ltr'><strong>atrociter</strong></span> <span class='ocrx_word' id='word_1_130' title='bbox 756 2165 931 2242; x_wconf 83' lang='lat' dir='ltr'>explorans,</span> 
     </span>
     <span class='ocr_line' id='line_1_24' title="bbox 247 2241 931 2332; baseline -0.009 -24"><span class='ocrx_word' id='word_1_131' title='bbox 247 2269 309 2328; x_wconf 77' lang='lat' dir='ltr'>quae</span> <span class='ocrx_word' id='word_1_132' title='bbox 331 2269 374 2307; x_wconf 88' lang='lat' dir='ltr'>res</span> <span class='ocrx_word' id='word_1_133' title='bbox 391 2249 484 2308; x_wconf 85' lang='lat' dir='ltr'>bonos</span> <span class='ocrx_word' id='word_1_134' title='bbox 501 2244 628 2332; x_wconf 90' lang='lat' dir='ltr'>quosque</span> <span class='ocrx_word' id='word_1_135' title='bbox 642 2241 747 2326; x_wconf 82' lang='lat' dir='ltr'>pelldm</span> <span class='ocrx_word' id='word_1_136' title='bbox 760 2243 848 2304; x_wconf 87' lang='lat' dir='ltr'><strong>dedit.</strong></span> <span class='ocrx_word' id='word_1_137' title='bbox 862 2241 931 2305; x_wconf 87' lang='lat' dir='ltr'>AEs-</span> 
     </span>
     <span class='ocr_line' id='line_1_25' title="bbox 247 2323 930 2408; baseline -0.004 -21"><span class='ocrx_word' id='word_1_138' title='bbox 247 2331 380 2388; x_wconf 87' lang='lat' dir='ltr'>rimantes</span> <span class='ocrx_word' id='word_1_139' title='bbox 397 2331 473 2389; x_wconf 89' lang='lat' dir='ltr'>enim</span> <span class='ocrx_word' id='word_1_140' title='bbox 493 2329 645 2389; x_wconf 82' lang='lat' dir='ltr'>exanimo</span> <span class='ocrx_word' id='word_1_141' title='bbox 667 2347 733 2386; x_wconf 89' lang='lat' dir='ltr'>eum</span> <span class='ocrx_word' id='word_1_142' title='bbox 753 2323 840 2408; x_wconf 67' lang='lat' dir='ltr'>longi</span> <span class='ocrx_word' id='word_1_143' title='bbox 859 2346 930 2384; x_wconf 82' lang='lat' dir='ltr'>ora-</span> 
     </span>
     <span class='ocr_line' id='line_1_26' title="bbox 248 2405 934 2491; baseline -0.004 -21"><span class='ocrx_word' id='word_1_144' title='bbox 248 2411 327 2470; x_wconf 86' lang='lat' dir='ltr'>tione</span> <span class='ocrx_word' id='word_1_145' title='bbox 355 2410 509 2491; x_wconf 87' lang='lat' dir='ltr'>imperialis</span> <span class='ocrx_word' id='word_1_146' title='bbox 540 2407 673 2468; x_wconf 73' lang='lat' dir='ltr'>molestie</span> <span class='ocrx_word' id='word_1_147' title='bbox 704 2405 934 2490; x_wconf 83' lang='lat' dir='ltr'>magnitudinem</span> 
     </span>
     <span class='ocr_line' id='line_1_27' title="bbox 247 2487 935 2569; baseline -0.003 -21"><span class='ocrx_word' id='word_1_148' title='bbox 247 2489 409 2561; x_wconf 81' lang='lat' dir='ltr'>declinare,</span> <span class='ocrx_word' id='word_1_149' title='bbox 427 2489 492 2550; x_wconf 80' lang='lat' dir='ltr'>edm</span> <span class='ocrx_word' id='word_1_150' title='bbox 513 2488 662 2550; x_wconf 82' lang='lat' dir='ltr'>sententias</span> <span class='ocrx_word' id='word_1_151' title='bbox 673 2487 709 2549; x_wconf 83' lang='lat' dir='ltr'>ad</span> <span class='ocrx_word' id='word_1_152' title='bbox 722 2493 781 2569; x_wconf 85' lang='lat' dir='ltr'>ejus</span> <span class='ocrx_word' id='word_1_153' title='bbox 799 2487 935 2547; x_wconf 81' lang='lat' dir='ltr'>volunta-</span> 
     </span>
     <span class='ocr_line' id='line_1_28' title="bbox 250 2567 935 2652; baseline -0.001 -21"><span class='ocrx_word' id='word_1_154' title='bbox 250 2589 310 2631; x_wconf 87' lang='lat' dir='ltr'>tem</span> <span class='ocrx_word' id='word_1_155' title='bbox 336 2589 495 2652; x_wconf 85' lang='lat' dir='ltr'>promunt,</span> <span class='ocrx_word' id='word_1_156' title='bbox 524 2570 645 2631; x_wconf 70' lang='lat' dir='ltr'>incidere</span> <span class='ocrx_word' id='word_1_157' title='bbox 676 2571 761 2630; x_wconf 80' lang='lat' dir='ltr'>exitia</span> <span class='ocrx_word' id='word_1_158' title='bbox 785 2567 935 2650; x_wconf 85' lang='lat' dir='ltr'>postrema.</span> 
     </span>
     <span class='ocr_line' id='line_1_29' title="bbox 248 2651 936 2733; baseline 0 -23"><span class='ocrx_word' id='word_1_159' title='bbox 248 2651 305 2717; x_wconf 84' lang='lat' dir='ltr'>Iste</span> <span class='ocrx_word' id='word_1_160' title='bbox 329 2651 519 2733; x_wconf 51' lang='lat' dir='ltr'>¹Cappadocas</span> <span class='ocrx_word' id='word_1_161' title='bbox 543 2653 574 2712; x_wconf 91' lang='lat' dir='ltr'>in</span> <span class='ocrx_word' id='word_1_162' title='bbox 602 2653 804 2733; x_wconf 76' lang='lat' dir='ltr'>provinciam,</span> <span class='ocrx_word' id='word_1_163' title='bbox 822 2669 936 2711; x_wconf 82' lang='lat' dir='ltr'>remoto</span> 
     </span>
     <span class='ocr_line' id='line_1_30' title="bbox 251 2731 938 2817; baseline -0.006 -21"><span class='ocrx_word' id='word_1_164' title='bbox 251 2731 394 2796; x_wconf 76' lang='lat' dir='ltr'>Archelao</span> <span class='ocrx_word' id='word_1_165' title='bbox 410 2754 475 2817; x_wconf 87' lang='lat' dir='ltr'>rege</span> <span class='ocrx_word' id='word_1_166' title='bbox 492 2753 613 2805; x_wconf 87' lang='lat' dir='ltr'>eorum,</span> <span class='ocrx_word' id='word_1_167' title='bbox 629 2733 745 2817; x_wconf 79' lang='lat' dir='ltr'>redegit.</span> <span class='ocrx_word' id='word_1_168' title='bbox 764 2731 938 2794; x_wconf 83' lang='lat' dir='ltr'>Getulorum</span> 
     </span>
     <span class='ocr_line' id='line_1_31' title="bbox 249 2813 937 2898; baseline -0.007 -22"><span class='ocrx_word' id='word_1_169' title='bbox 249 2815 403 2876; x_wconf 75' lang='lat' dir='ltr'>latrocinia</span> <span class='ocrx_word' id='word_1_170' title='bbox 426 2816 563 2898; x_wconf 88' lang='lat' dir='ltr'>repressit.</span> <span class='ocrx_word' id='word_1_171' title='bbox 588 2813 801 2875; x_wconf 74' lang='lat' dir='ltr'>Maroboduum</span> <span class='ocrx_word' id='word_1_172' title='bbox 823 2814 937 2874; x_wconf 55' lang='lat' dir='ltr'>Suevou</span> 
     </span>
     <span class='ocr_line' id='line_1_32' title="bbox 251 2892 940 2983; baseline -0.006 -24"><span class='ocrx_word' id='word_1_173' title='bbox 251 2918 317 2959; x_wconf 86' lang='lat' dir='ltr'>rum</span> <span class='ocrx_word' id='word_1_174' title='bbox 338 2919 435 2983; x_wconf 85' lang='lat' dir='ltr'>regem</span> <span class='ocrx_word' id='word_1_175' title='bbox 456 2895 557 2963; x_wconf 78' lang='lat' dir='ltr'>callide</span> <span class='ocrx_word' id='word_1_176' title='bbox 578 2896 769 2959; x_wconf 85' lang='lat' dir='ltr'>circumvenit.</span> <span class='ocrx_word' id='word_1_177' title='bbox 787 2892 864 2961; x_wconf 80' lang='lat' dir='ltr'>Crini</span> <span class='ocrx_word' id='word_1_178' title='bbox 884 2895 940 2955; x_wconf 86' lang='lat' dir='ltr'>iru-</span> 
     </span>
    </p>
   </div>
   <div class='ocr_carea' id='block_1_3' title="bbox 0 0 1087 3666">
    <p class='ocr_par' dir='ltr' id='par_1_5' title="bbox 0 0 1087 3666">
     <span class='ocr_line' id='line_1_33' title="bbox 0 0 1087 3666; baseline 0 0"><span class='ocrx_word' id='word_1_179' title='bbox 0 0 1087 3666; x_wconf 95' lang='lat' dir='ltr'> </span> 
     </span>
    </p>
   </div>
  </div>
 </body>
</html>
