2134 3668
252 267 299 350 96
431 258 749 328 Evrnoarr

252 381 384 440 convivia
411 379 513 440 eodem
535 379 612 438 cultu
634 399 692 459 quo
715 374 796 458 ipse,
818 385 846 436 &
871 378 934 436 mi-

252 459 344 522 nistris
363 461 513 521 ‘similibus
544 458 714 519 exhiberent.
744 459 778 519 In
807 458 935 518 editione

254 556 402 602 munerum
420 540 481 622 post
503 543 651 602 vidioriam
671 537 743 600 adei>
763 538 935 678 mafinilicus

256 623 334 694 fuit,
355 643 385 683 ut
410 642 522 682 centum
551 623 635 682 simul
660 623 755 681 leones
779 642 812 680 ex
836 617 935 680 ibuille

253 703 386 764 tradatur.
408 701 486 765 Ctlm
507 705 592 786 igitur
610 702 783 762 fortunatam
799 702 933 782 Rempu-

253 786 358 845 blicam
382 795 409 846 &
431 787 531 844 virture
554 794 581 845 &
602 783 815 844 mansuetudine
838 784 935 844 reddi-

254 863 356 938 diss'et,
380 867 453 926 obiit
475 887 591 926 xviri.
615 867 726 946 imperii
749 887 824 924 anno
839 911 849 936 ,
867 868 933 926 vite

256 969 320 1008 uxr.
348 958 375 1008 δι
403 949 536 1022 omnibus
562 947 690 1008 certatim
717 947 932 1017 annitentibuS,

253 1033 325 1090 inter
342 1031 433 1090 Divos
450 1031 550 1090 relatus
567 1027 615 1088 est.

294 1111 362 1171 XV.
374 1111 466 1188 Hujus
478 1107 610 1170 successor
621 1109 654 1171 L.
665 1111 827 1171 Antoninus
840 1109 934 1173 Com·

254 1193 357 1252 modus
377 1189 450 1251 nihil
467 1212 612 1272 paternum
632 1191 756 1252 habuit:
778 1192 832 1250 nisi
853 1189 935 1272 qubd

256 1271 352 1333 'contra
373 1273 532 1334 Germanos
552 1273 669 1332 feliciter
690 1271 795 1352 &ipse
816 1293 933 1352 pugna-

254 1353 304 1414 iit.
326 1355 518 1434 Septembrem
538 1353 662 1414 mensem
681 1353 836 1414 adnomen
850 1353 935 1416 suurn

254 1435 401 1497 transferre
417 1456 533 1495 conatus
550 1433 611 1506 est,
630 1455 660 1495 ur
680 1434 862 1496 Commodus
883 1435 935 1494 di-

187 1551 189 1554 ·
256 1537 368 1577 ceretur.
388 1515 443 1578 Sed
462 1515 570 1577 luxurii
586 1527 612 1577 &
632 1515 817 1577 obscoenitate
837 1516 937 1597 depra·
961 1513 964 1519 ’

254 1596 349 1670 ¹vatus,
363 1597 536 1682 gladiatoriis
545 1600 629 1660 armis
642 1597 676 1658 sae
697 1599 792 1658 issime
804 1600 834 1658 in
846 1597 937 1670 ludo,

255 1679 385 1760 deinceps
401 1683 485 1740 etiam
507 1681 537 1740 in
555 1621 773 1760 Amphitlleatro
793 1701 858 1740 cum
879 1677 937 1739 hu-

253 1759 377 1838 jusmodi
396 1758 559 1820 hominibus
580 1760 650 1902 sarge
671 1761 826 1820 dimicavit.
849 1761 937 1824 Obiit

255 1861 345 1900 morte
362 1839 474 1913 subiti,
496 1861 579 1922 atque
594 1865 610 1902 a
631 1839 666 1902 eb
685 1863 716 1902 ut
728 1841 937 1924 strangulatus,

169 1921 172 1925 ’
255 1920 300 1980 vel
319 1942 429 1982 veneno
449 1922 608 1984 interseritur
622 1943 762 2004 putaretur
778 1948 791 1990 τ,
802 1923 866 1982 crim
883 1946 938 1984 an-

255 1997 299 2062 iris
317 2001 467 2062 duodecim
488 2003 548 2083 post
572 2025 697 2084 patrem,
718 2014 745 2064 &
763 2009 832 2064 octo
852 2026 936 2064 men·

255 2083 339 2144 sibus.
350 2082 525 2166 impetissem
550 2084 628 2145 tama
651 2083 839 2146 exsecratione
863 2107 935 2145 om-

256 2168 359 2239 nium,
386 2187 417 2228 ut
449 2165 534 2228 hostis
562 2165 680 2228 humani
709 2169 816 2250 generis
847 2169 936 2230 etiam

256 2266 380 2307 mortuus
396 2247 571 2328 judicaretur.
839 2295 847 2313 r

264 2382 266 2388 .
296 2327 379 2387 XVI.
400 2329 477 2388 Huic
496 2328 630 2390 successit,
643 2329 793 2400 Pertinax,
811 2329 937 2412 granda-

255 2429 305 2467 vus
325 2414 407 2486 jam,
429 2412 528 2490 utqui
553 2409 794 2494 septuagenariam
817 2409 935 2496 attigis-

256 2487 298 2548 set
312 2507 422 2562 atatem
434 2512 442 2559 3
458 2490 653 2552 Praefesluram
666 2492 742 2554 Urbi
755 2491 816 2552 trim
831 2513 938 2576 agens,

255 2591 290 2628 ex
309 2569 589 2632 Senatris-Consulto
608 2575 743 2652 imperare
761 2569 854 2651 jussus.
873 2573 936 2634 Oc-

257 2653 397 2734 togesimo
416 2654 526 2734 imperii
547 2653 613 2726 die,
632 2655 865 2714 Praetorianorum
880 2658 936 2714 mi-

256 2733 337 2792 litum
361 2731 519 2806 seditione,
548 2743 575 2797 δι
597 2737 701 2798 Juliani
727 2735 827 2797 scelere
852 2739 934 2796 occi·

259 2816 303 2876 sus
324 2812 370 2876 est.

332 2957 334 2962 .
838 2899 936 2959 XVII.
