2060 3662
240 313 282 386 28
418 308 736 384 Euraoarr

238 425 383 508 viduique
401 426 460 494 est:
477 448 543 486 narn
560 427 674 507 perditis
692 426 837 510 sexaginta
852 447 921 509 qua-

240 527 303 568 tuor
326 509 468 580 navibus,
492 527 564 568 tetro
588 505 616 566 se
628 532 629 538 ¹
643 511 745 588 recepit
765 509 922 576 :Romani

239 590 344 672 viginti
363 588 431 650 duas
449 587 610 651 amiserunt.
631 589 686 649 Sed
704 587 766 648 etim
787 591 816 649 in
834 590 918 650 Afri,

240 690 303 730 cam
326 666 502 739 transissent,
523 671 642 750 primam
658 669 800 752 Clypeam
815 670 921 731 African

177 759 183 768 ’
241 752 385 820 civitatem
404 754 435 817 in
453 749 626 811 deditionem
646 771 819 832 acceperunt.
836 751 922 814 Cona

241 830 313 899 sules
332 829 419 914 usque
436 831 473 900 ad
489 829 696 915 Carthaginem
716 829 900 911 processerunt
912 849 926 900 t

241 913 393 996 multisque
412 911 525 978 vastatis
541 913 671 974 Manlius
685 915 776 978 vitior
794 913 921 976 Romam
1015 947 1016 954 κ

229 993 348 1076 rediit,
371 1003 399 1060 ὃς
421 995 526 1078 viginti
547 991 653 1074 septem
676 995 766 1063 millia
788 997 921 1076 captivo·
955 1037 962 1050 .

241 1095 304 1140 rum
331 1075 449 1140 reduxit.
478 1073 593 1136 Attilius
616 1075 740 1158 Regulus
768 1077 797 1134 in
822 1075 923 1142 Africa

242 1159 386 1226 remansit,
405 1155 432 1227 Is
446 1175 542 1216 contra
557 1153 641 1216 Afros
662 1158 752 1216 aciem
772 1154 900 1216 instruxit
914 1179 921 1218 ι

243 1242 342 1296 contra
362 1257 414 1296 tres
430 1234 709 1319 Carthaginiensium
730 1238 812 1298 duces
830 1238 922 1307 dimi«,

244 1338 312 1382 cans
333 1321 422 1378 vidior
440 1316 514 1381 suit;
531 1319 620 1376 osto·
631 1319 722 1378 decim
738 1319 827 1381 millia
849 1317 920 1379 hos-

244 1401 315 1463 tium
337 1397 459 1468 cecidit,
482 1401 605 1479 quinque
626 1401 716 1463 millia
739 1421 802 1460 cum
825 1401 925 1465 decern

227 1490 274 1556 N&
291 1483 357 1540 odio
374 1477 529 1560 elephantis
548 1482 619 1559 cepit
636 1480 833 1561 :septuaginta
851 1503 924 1563 qua-v

244 1581 309 1620 tuor
328 1563 453 1620 civitates
475 1562 505 1619 in
519 1558 603 1619 fidem
622 1564 737 1640 accepit,
756 1561 833 1622 Ttim
855 1565 924 1631 vitu

244 1639 495 1726 Carthaginienses
518 1663 616 1722 pacem
637 1643 654 1702 ὲ
673 1641 811 1704 Romanis
829 1647 922 1724 petie-

245 1744 310 1784 runt
334 1748 341 1789 ς
366 1745 453 1804 quam
484 1721 548 1788 cdrn
577 1723 701 1807 Regulus
731 1726 841 1795 nollet,
869 1727 926 1786 nisi

238 1805 398 1865 durissimis
412 1803 642 1877 conditionibus,
661 1805 746 1878 dare,
765 1805 830 1866 Afri
847 1809 926 1866 auxi-

245 1885 354 1948 liun‘a
379 1885 600 1949 Lacedaemoniis
624 1889 782 1966 petierunt;
804 1895 831 1946 &
853 1888 925 1947 duce

245 1966 393 2046 Xantippo
405 2011 414 2037 ‚
435 1968 484 2047 qui
497 1965 513 2025 d
525 1967 747 2031 Lacedaemoniis
760 1964 854 2028 missus
867 1969 928 2029 fuea

246 2067 312 2119 rat,
334 2047 530 2107 Romanorum
555 2047 611 2107 dux
631 2047 756 2131 Regulus
775 2051 864 2108 vissus
887 2049 927 2110 est

247 2127 349 2188 ultimi
362 2129 482 2209 pernicie
494 2152 504 2200 3
522 2150 588 2189 narn
604 2129 660 2193 duo
673 2131 762 2190 millia
774 2128 926 2200 hominum

185 2229 188 2233 ·
246 2207 357 2270 tannim
379 2231 412 2280 ex
427 2212 508 2272 omni
523 2210 657 2274 Romano
675 2213 795 2276 exercitu
813 2232 927 2272 remam

246 2289 364 2360 'serunt3
380 2293 529 2373 quingenti
548 2313 611 2352 cum
629 2293 797 2372 imperatore
813 2293 927 2376 Regulo

250 2375 326 2512 capti
341 2369 404 2430 sunt
420 2373 555 2455 :triginta
572 2373 662 2434 millia
678 2375 785 2434 occisi:
801 2373 929 2457 Regulus

248 2457 306 2535 ipe
326 2455 355 2511 in
373 2471 483 2515 catenas
500 2457 647 2531 conjeslus.
883 2519 886 2526 ,

288 2533 399 2592 XXII.
421 2533 522 2593 Marco
544 2533 668 2594 AEmilio
694 2535 807 2608 Paulo,
829 2536 933 2604 Servio,

174 2608 179 2619 s
249 2615 350 2676 Fulvio
371 2614 521 2673 Nobiliore
542 2614 737 2688 Consulibus,
762 2617 848 2676 ambo
865 2617 928 2676 Ro-

250 2698 329 2762 mani
347 2692 473 2760 consules
493 2695 530 2755 ad
545 2695 672 2756 Africam
694 2697 812 2778 profesti
834 2695 898 2759 sunt
916 2743 928 2770 ‚

250 2782 316 2856 cuni
336 2779 519 2838 trecentarum
538 2779 654 2836 navium
675 2775 754 2856 classe
776 2802 783 2838 ε
805 2778 928 2856 primilm

251 2858 450 2944 Astoslnavali
468 2860 619 2920 certamine
634 2858 770 2941 superant.
789 2859 932 2932 AEmiliusl
