2110 3666
323 340 674 402 eutrotia,
767 357 837 422 299

153 473 197 516 tet
213 478 219 513 :
235 451 314 514 ltane
330 475 382 514 net
402 457 526 514 amicum
539 451 650 524 habeo,
669 464 721 512 net
741 447 840 514 inimi·

154 557 218 598 cum
234 544 245 596 Ξ
257 535 427 598 dedecorose
441 536 518 606 vixi,
530 533 633 614 turpids
645 548 775 614 peream.v
784 535 839 594 Pe-

153 620 200 677 riit
224 640 301 678 anno
322 618 411 676 aetatis
432 617 574 676 tricesimo
598 614 729 676 seeundo.
750 614 837 678 Hunc

152 697 241 760 Persae
272 699 302 758 in
329 717 439 758 tantum
463 696 641 768 dilexerunt,
672 717 703 756 ut
727 698 837 780 legatos

153 781 300 840 mitterent
318 800 428 839 orantes
449 779 562 858 copiam
580 775 755 838 construendi
772 801 837 840 mo-

152 864 291 922 numenti.
312 859 448 920 Cetettim
469 857 541 920 aded
561 863 666 920 cundlae
684 861 836 940 prouincia

152 941 303 1024 omnisque
326 941 422 1002 Roma
444 943 559 1000 interitu
585 946 643 1020 ejus
666 939 835 1016 exsultavit,

152 1042 185 1082 ut
215 1024 293 1103 plebs
317 1022 415 1084 induta
440 1023 519 1102 pileis
548 1022 834 1094 manumissionum,

153 1122 289 1185 tanquam
319 1101 392 1164 saevo
422 1122 551 1184 exempta
580 1102 700 1164 domino
728 1104 835 1164 trium·

153 1182 259 1264 pharet.

198 1267 253 1326 Vl.
284 1265 378 1328 Galba
400 1266 491 1328 nobili
514 1266 703 1346 Sulpiciorum
732 1278 836 1350 genere

151 1367 205 1428 pro
227 1350 344 1419 enites,
376 1349 523 1428 imperavit
557 1346 665 1410 menses
696 1345 834 1429 septem,

151 1369 266 1510 diesipue
285 1427 414 1488 totidem.
433 1427 486 1488 Iste
505 1431 535 1488 in
554 1427 744 1490 adolescentes
762 1429 836 1490 infe·

151 1513 225 1582 mis,
238 1511 274 1570 ad
281 1507 450 1569 vescendum
463 1511 650 1588 intemperans
660 1509 721 1570 fuir.
732 1509 834 1584 Trium

151 1593 313 1652 amicorum
336 1591 476 1659 consilio,
501 1589 531 1647 id
550 1587 590 1648 est
611 1591 734 1660 Vinnii,
752 1589 833 1666 Cor7

149 1672 221 1728 nelii
244 1681 271 1732 &
297 1670 365 1728 Iceli
392 1673 491 1728 cundia
516 1666 689 1748 disponent,
708 1668 780 1730 adeo
803 1689 835 1732 ut

153 1751 227 1812 intra
251 1751 393 1810 Palatinas
423 1749 494 1810 aedes
524 1752 624 1829 paritet
649 1748 833 1824 habitarent,
904 1760 908 1765 “

151 1839 181 1892 &
206 1829 295 1915 ¹vulgd
311 1829 470 1915 ‚paedagogi
498 1829 661 1894 dicerentur.
687 1831 745 1892 Hic
768 1852 834 1894 ante

151 1910 292 1993 sumptam
312 1911 539 1982 dominationem
554 1913 657 1974 multas
673 1917 833 1994 provincias

151 1995 264 2078 egregid
278 1992 502 2066 administravit,
517 1995 639 2058 militem
656 1993 832 2056 severissime

151 2075 291 2147 traslans,
311 2079 351 2134 ita
369 2095 400 2136 ut
418 2071 538 2158 ingresso
560 2097 595 2136 eo
615 2073 705 2140 castra
724 2077 830 2158 vulga-

149 2173 225 2216 retur
241 2155 335 2218 statitn
352 2179 360 2212 t
380 2155 464 2234 Disce
481 2157 601 2216 militare
618 2157 720 2226 miles,
740 2157 833 2230 Galba

150 2240 209 2318 est,
228 2259 283 2296 non
309 2237 468 2296 Gaetulicus.
495 2233 572 2296 Ctim
594 2235 832 2319 septuagesimum

147 2321 262 2378 tertium
274 2320 362 2380 aetatis
371 2338 476 2386 annum
489 2335 605 2398 ageret,
623 2316 691 2376 dum
704 2317 832 2380 fautione

148 2397 278 2467 Othonis
305 2395 434 2460 accensas
465 2399 592 2480 legiones
622 2397 712 2458 loritlt
741 2402 832 2464 retnis

149 2479 246 2542 lenite,
261 2478 473 2560 contenderet,
505 2477 542 2540 ad
571 2479 667 2544 lacum
696 2479 832 2543 Curtium

150 2560 235 2622 eaesus
259 2561 306 2622 est.

190 2641 260 2702 VII.
281 2643 390 2704 Salvius
407 2639 490 2702 Otho
506 2639 658 2722 splendidis
677 2661 753 2705 ortus
766 2664 831 2704 ma-

150 2723 281 2804 joribus,
303 2744 336 2782 ex
359 2723 467 2806 oppido
489 2723 660 2794 Ferentino,
684 2727 832 2806 imperavit

148 2803 260 2864 menses
289 2822 364 2876 tres,
384 2801 445 2864 vitii
470 2806 553 2862 omni
577 2807 683 2885 turpis,
705 2799 830 2868 maxime

149 2883 347 2950 adolescentii.
363 2885 423 2952 Hic
444 2883 597 2948 {Vitellio
615 2883 737 2966 ptimtitn
757 2886 831 2968 apud

634 2965 712 3052 ij
