2134 3668
268 311 795 401 172,Au1t.Vrcrou

264 433 364 502 deret,
379 432 489 492 Mutius
504 431 639 504 Cordus,
658 435 701 494 vir
717 433 855 492 Romane
874 454 946 495 con·

263 513 394 584 stantiae,
413 513 547 574 Senatum
566 513 657 584 adiit,
677 523 704 574 &
720 517 832 574 veniam
853 535 946 575 trans·

264 593 394 676 fugiendi
412 596 512 673 petiit,
533 615 631 654 necem
648 597 721 676 regis
739 597 944 674 repromittens.

263 671 389 754 Accepta
405 673 560 753 potestate,
582 676 614 734 in
629 673 714 734 castra
732 673 878 741 Porsennae
895 697 945 734 ve·

224 790 227 794 ·
264 757 334 826 nit,
355 755 451 835 ibique
473 775 652 835 purpuratum
679 775 730 834 pro
751 756 830 838 Rege
856 755 943 816 dece-

264 854 328 917 ptus
355 833 468 896 occidit.
493 833 712 916 Apprehensus‚
736 845 764 895 &
787 837 827 910 ad¹
847 857 876 896 re
898 858 945 898 eut

264 920 440 996 peremerat,
467 915 593 976 dextram
620 919 675 977 atis
703 916 860 996 imposuit,
908 917 968 978 oc'

265 993 316 1078 sup
336 999 394 1060 licii
409 996 425 1056 it
438 998 484 1057 teir
498 1000 634 1081 exigens,
655 995 734 1078 qudd
748 1001 778 1058 in
793 997 866 1058 caede
879 1019 945 1076 pec·

266 1077 300 1138 cal
322 1097 357 1137 et.
382 1077 469 1140 Unde
493 1076 557 1138 crim
581 1076 771 1138 misericordie
795 1080 868 1161 regis
886 1080 944 1138 ab·

263 1157 450 1229 strahetetur,
463 1161 542 1240 quasi
552 1158 721 1220 beneficium
732 1159 850 1220 referens
862 1205 871 1230 ,
885 1161 944 1232 ait,

266 1261 404 1300 trecentos
426 1238 554 1302 advertiis
576 1261 641 1300 eum
658 1241 763 1300 similes
783 1238 945 1318 conjuriss'e.

266 1321 336 1397 Quai
355 1341 383 1378 te
402 1321 450 1380 ille
470 1324 599 1391 territus,
620 1322 726 1380 bellum
745 1323 865 1401 acceptis
886 1323 946 1380 ob·

268 1401 375 1460 sidibus
392 1400 528 1482 deposuit.
549 1403 646 1462 Murio
668 1420 745 1482 prata
765 1421 840 1462 trans
856 1401 947 1460 Tibe·

268 1485 322 1542 rim
342 1481 429 1553 data,
450 1482 486 1542 ab
511 1503 545 1542 eo
566 1483 662 1542 Mutia
683 1483 831 1562 appellata.
850 1482 949 1544 Statua

269 1583 383 1644 quoque
401 1565 428 1622 ei
443 1561 558 1624 honoris
597 1562 668 1622 tatii
684 1563 833 1624 constituta
850 1561 896 1622 est.

309 1643 391 1708 XIII.
413 1643 555 1706 Porsenna
572 1583 709 1706 diocliam
725 1645 877 1727 Virginem
898 1666 951 1703 no-

270 1725 357 1784 bilem
382 1727 452 1786 intet
472 1725 584 1786 obsides
607 1746 672 1786 acce
692 1729 738 1794 it,
759 1747 821 1804 quae
843 1724 947 1813 decepv

269 1807 306 1864 tis
329 1805 509 1876 custodibus,
530 1809 616 1866 noelu
636 1747 728 1866 callris
746 1811 804 1885 ejus
824 1805 947 1887 egtella,

271 1906 286 1944 e
309 1907 398 1957 uum,
425 1908 510 1967 quern
532 1885 589 1946 fors
608 1885 745 1956 dederat,
765 1888 899 1966 arripuit,
922 1896 950 1946 δε

271 1908 401 2025 siberim
422 1969 537 2046 trajecit.
559 1968 587 2026 A
605 1965 747 2028 Porsennir
770 1987 817 2046 pet
840 1968 951 2050 legatos

267 2067 301 2118 ‚re
322 2049 409 2118 etita,
434 2047 543 2108 reddita
564 2045 611 2108 est.
634 2048 724 2126 Cujus
749 2049 796 2109 ille
817 2049 950 2109 virtutem

270 2067 447 2200 admiratus,
465 2149 530 2190 cum
543 2129 644 2210 quibus
658 2125 774 2208 optltsset
787 2131 818 2188 in
831 2131 952 2208 patriam

272 2208 385 2282 redire,
405 2213 538 2289 permisit.
568 2209 621 2270 llla
647 2211 769 2291 virgines
797 2207 951 2290 puerosque

265 2291 383 2372 elegit,
425 2313 525 2350 uorum
545 2309 654 2350 oetatem
670 2292 776 2368 injuriae
794 2291 952 2359 obnoxiam

273 2369 386 2430 sciebat.
440 2374 485 2432 uic
505 2369 594 2432 statua
611 2369 741 2451 equestris
764 2372 794 2430 in
814 2370 878 2431 foto
898 2391 954 2451 po-

272 2473 334 2513 srta.

312 2531 405 2591 XIV.
427 2531 554 2591 Romani
571 2530 635 2592 crim
654 2529 799 2592 adversum
815 2532 954 2598 Veientes

274 2611 432 2684 bellarent,
460 2633 508 2672 eos
526 2613 581 2672 sibi
601 2610 692 2672 hostes
713 2611 824 2672 familia
841 2613 953 2672 Fabio-

273 2713 336 2753 rum
356 2696 464 2772 privato
481 2695 597 2756 nomine
618 2692 766 2772 deposcit,
791 2703 818 2754 &
834 2693 956 2773 profesti

275 2775 390 2833 trecenti
413 2771 483 2843 sex,
509 2773 578 2832 duce
594 2775 684 2834 Fabio
708 2772 860 2844 Consule,
885 2773 954 2842 lire,-

275 2873 348 2916 tuut.
363 2853 440 2920 Cdm
453 2852 524 2935 sepe
536 2856 654 2918 videres
673 2851 855 2930 exstitissent,
879 2854 957 2934 apud
