2142 3664
274 339 338 392 or
368 323 708 394 CAEsAurrttr.
761 345 837 416 247,

152 445 230 504 vium
242 445 300 502 acie
318 444 442 514 devicit3
459 447 591 524 missique
610 447 659 525 qui
675 439 831 524 fugientem

152 522 385 604 insequerentur,
403 524 478 605 apud
495 523 634 591 Palatium
653 524 753 583 Romae
771 525 829 582 ob-

155 606 324 666 truncatim.

190 685 263 744 XX.
287 685 376 767 Igitur
391 682 555 766 septimius,
575 681 725 744 Pertinacis
738 703 829 754 nete,

152 765 237 825 timul
255 767 426 846 flagitiorum
444 765 537 834 odio,
554 765 673 834 dolote,
693 784 776 845 atque
789 763 832 824 ire

149 847 344 916 commotior,
365 842 494 905 cohortes
507 845 654 904 Praetorias
667 842 761 904 statim
775 849 831 904 mi-

149 924 212 985 iitii
243 927 374 994 exemit,
398 923 560 1006 cunstisqtte
585 927 705 1005 partium
729 928 804 984 caesis
818 972 830 995 ,

129 1003 288 1066 'Helvium
308 1003 424 1066 Senatus
442 1005 570 1066 consulto
589 1008 662 1065 inter
678 1005 770 1065 Divos
787 1025 832 1063 re-

150 1083 205 1146 fert
224 1109 234 1157 3
260 1087 348 1147 Salvii
372 1107 478 1146 nomen
500 1131 510 1159 ,
539 1105 632 1166 atque*
648 1088 706 1162 ejus
729 1083 833 1162 scripta

151 1165 261 1227 faiiave
283 1167 390 1226 aboleri
410 1169 489 1246 jubet
507 1189 517 1239 3
545 1165 624 1248 quod
648 1185 735 1225 unum
760 1165 833 1226 effici

150 1250 290 1328 nequivit'
304 1247 539 1331 Tantum‘gratia
559 1247 707 1308 doctarum
726 1248 833 1306 artium

150 1328 247 1398 valet,
266 1347 297 1388 ut
314 1326 492 1408 scriptoribus
509 1350 545 1388 ne
563 1327 628 1389 steti
650 1347 744 1386 mores
765 1331 832 1407 qui·

114 1485 116 1489 ,
150 1407 215 1468 dem
240 1408 277 1468 ad
300 1411 467 1469 memoriam
489 1409 614 1469 officiant
632 1431 642 1478 3
663 1411 832 1489 quin-etiam
917 1439 924 1450 ·

149 1509 227 1576 mors
240 1487 454 1568 hujuscemodi,
471 1492 538 1568 ipsis
558 1490 655 1571 gloriae
666 1533 678 1557 ,
699 1485 829 1548 exsecra·
887 1485 906 1498 ”’

150 1571 223 1629 tioni
242 1569 400 1629 auiioribut
417 1567 465 1626 est.
489 1569 567 1630 Ctim
586 1588 706 1641 omues,
728 1571 830 1646 praeci-

141 1649 259 1742 ,pueque
283 1647 386 1728 posteri
395 1693 411 1718 ,,
432 1651 472 1707 sic
493 1646 597 1708 habent
617 1692 628 1716 ,
649 1647 698 1706 iila
717 1649 833 1740 ingenia

151 1749 206 1788 rust
220 1729 332 1808 publico
347 1730 522 1798 latrocinio,
537 1749 570 1787 at
581 1749 629 1808 per
640 1726 831 1798 dementiam,

59 1845 63 1851 -
151 1811 273 1889 opprimi
290 1830 349 1868 non
366 1805 490 1889 potuisse.
509 1809 578 1886 Quo
598 1809 680 1868 bonis
697 1807 830 1868 omnibus

132 1941 133 1944 ,
150 1910 184 1948 ac
203 1887 275 1949 mihi
290 1887 433 1950 fidendum
451 1890 566 1972 magis,
586 1892 634 1970 qui
650 1907 712 1948 rure
730 1907 807 1948 ortus
819 1934 832 1960 ,

150 1973 326 2052 tenuique&
346 1971 461 2031 indocto
481 1979 559 2051 petre
577 1973 607 2030 in
624 1967 683 2030 ἧκε
702 1987 832 2049 tempora

149 2053 237 2110 vitam
257 2050 390 2131 praestiti,
411 2049 506 2111 studiis
524 2053 607 2111 tantis
627 2048 826 2110 honestiorem.

150 2131 238 2206 Quod
259 2132 389 2212 equidem
415 2135 505 2214 gentis
532 2129 631 2190 nostrae
655 2151 744 2200 reor,
768 2149 830 2267 quae

151 2209 212 2270 fato
242 2211 367 2293 quodam
394 2212 537 2270 bonorum
564 2225 650 2290 parte
674 2209 767 2269 foecuo
788 2231 805 2268 a
817 2254 829 2280 ,

173 2311 223 2349 uos
251 2291 346 2352 eduxit
373 2309 496 2361 tamen,
519 2309 660 2371 quemque
690 2289 725 2349 ad
756 2287 830 2350 celsa

151 2311 217 2429 iuos
243 2368 337 2432 habet.
359 2371 449 2430 Velut
473 2371 608 2430 Severum
633 2367 745 2450 ipsum,
770 2391 829 2451 quo

150 2451 308 2532 praeciariot
331 2455 360 2513 iu
379 2451 535 2552 Republica
555 2450 608 2511 fuit
625 2471 735 2522 nemo,
778 2454 829 2522 ui,

150 2553 323 2614 quamquam
340 2535 436 2592 tracia
450 2551 548 2602 aetate,
562 2551 706 2592 mortuum
723 2472 828 2610 juiiitio

150 2613 302 2696 elogioque
328 2613 482 2697 lugendum
508 2611 622 2673 sanxere
645 2635 653 2672 t
681 2610 830 2672 astruentes

150 2693 231 2754 iilum
252 2692 354 2772 justum
382 2713 429 2754 aut
453 2692 641 2766 monasti,
665 2712 712 2752 aut
738 2695 829 2752 emori
879 2743 882 2748 .

150 2774 271 2834 minime
297 2770 463 2836 conveniffe.
491 2775 603 2834 Scilicet
630 2771 708 2854 quod
737 2775 827 2832 corti-

151 2853 252 2938 getrdis'
276 2855 405 2930 *motibus
436 2857 588 2930 nimium,
618 2853 767 2994 ppstquam
792 2851 828 2914 ad

677 2954 707 2996 rr
