2142 3664
216 349 272 400 nr
296 332 414 402 Vanis
430 347 717 404 recusaturus
746 358 813 425 209

138 469 227 533 garn,
245 449 320 512 fac’ri
337 472 386 532 per
404 451 538 532 populum
557 453 730 533 lapidatione
747 453 814 514 sub-

138 533 237 592 movit.
262 531 389 593 Glauciae
407 533 540 604 Praetori,
564 533 641 614 qudd
660 538 682 592 is
698 557 732 594 eo
750 534 816 606 die,

137 633 195 692 quo
211 611 269 692 ipse
287 615 454 672 concionem
470 611 613 686 habebat,
634 621 677 694 jus
695 615 816 675 dicendo

137 713 242 772 partem
262 694 358 774 populi
375 689 533 768 evocasset,
554 693 651 754 sellam
669 697 814 767 concidit,

138 791 168 830 ut
179 776 271 868 magis
287 775 427 852 popularis
441 773 587 835 videretur.
601 777 764 852 Quemdam
779 779 816 836 li-

137 853 239 914 bertini
264 854 369 914 ordinis
388 853 573 927 subornavit,
593 859 642 937 qui
664 854 691 915 se
707 857 817 916 Tiberii

138 933 264 994 Gracchi
286 932 376 994 filium
395 933 433 994 fin
457 956 520 996 eret.
543 935 589 995 Ad
611 934 666 994 hoc
684 936 814 997 testimo-

136 1016 217 1074 nium
240 1017 405 1094 Sempronia
428 956 505 1092 inor
527 1015 721 1076 Gracchorum
764 1041 814 1076 ro-

138 1093 245 1167 dosia,
272 1116 323 1154 nec
347 1098 499 1176 precibus,
526 1119 577 1156 nec
606 1100 690 1156 minis
715 1039 817 1158 adduci

137 1177 252 1255 potuit,
270 1195 301 1234 ut
314 1175 432 1236 dedecus
446 1177 561 1238 familia:
578 1177 749 1259 agnosceret.
768 1181 817 1240 Sa-

138 1258 264 1316 turninus
283 1259 359 1316 Aulo
377 1259 477 1317 Nonio
498 1262 680 1336 competitore
698 1258 814 1318 interse-

137 1339 185 1395 διο
213 1336 354 1397 Tribunus
379 1339 468 1419 plebis
493 1339 636 1412 issemus,
663 1341 816 1414 Siciliam,

136 1415 300 1489 Achaiam,
321 1419 524 1479 Macedoniam
542 1423 622 1480 novis
645 1422 753 1481 colonis
769 1423 818 1480 de-

136 1496 271 1569 stinavit,
294 1508 321 1559 &
339 1521 459 1576 aurum,
479 1499 567 1571 dolo,
586 1523 623 1560 an
641 1500 739 1560 scelere
751 1502 816 1564 Cae·

136 1581 229 1660 pionis
257 1599 390 1660 parturn,
419 1581 455 1640 ad
485 1583 657 1661 emptionem
684 1604 816 1664 agrorum

137 1663 282 1720 convertit.
305 1659 389 1742 Aqui
405 1671 432 1722 &
456 1661 518 1743 igni
538 1661 680 1721 interdixit
700 1667 745 1733 ei,
767 1666 817 1744 qui

138 1741 168 1799 in
187 1743 211 1800 le
234 1763 261 1800 es
279 1740 341 1801 suas
359 1763 417 1801 non
433 1739 549 1820 jurillet.
569 1743 643 1802 Huic
662 1744 719 1825 legi
737 1745 816 1802 mul·
887 1806 889 1810 ,

137 1821 173 1880 tis
191 1762 344 1882 lsobilhm
362 1822 563 1918 abrogantibus
579 1822 642 1883 etim
653 1821 790 1884 'tonuisset
803 1870 816 1896 ,

48 1906 50 1910 '
136 1903 297 1962 clamavit:
318 1905 406 1975 Jam,
432 1924 524 1986 inquit
545 1951 554 1976 ,
577 1907 631 1964 nisi
651 1903 818 1986 quiescitis,

137 1984 326 2066 grandinabit.
347 1985 480 2044 Metellus
502 1985 670 2045 Numidicus
694 1984 818 2046 exsulare

137 2063 224 2144 quim
243 2069 330 2144 jurare
349 2067 456 2125 maluit.
474 2066 637 2126 Saturninus
655 2066 738 2126 tertio
748 2067 817 2126 Tri-

138 2144 228 2206 bunus
247 2147 335 2225 plebis
355 2145 495 2216 refeslus,
518 2165 548 2205 ut
568 2145 714 2206 satellitem
736 2145 817 2207 suum

138 2225 288 2286 Glauciam
315 2227 465 2286 Praetorem
489 2225 616 2296 faceret,
642 2228 817 2288 Memmium

138 2309 353 2385 competitorem
378 2313 436 2388 eJus
460 2310 489 2366 in
510 2329 610 2387 campo
630 2309 737 2367 Martio
761 2330 815 2366 ne·
862 2313 866 2319 '

137 2387 260 2446 candum
279 2391 392 2449 curavit.
414 2389 522 2448 Marius
536 2389 676 2448 Senatus·
688 2386 818 2448 consulto

136 2487 282 2540 armatus,
306 2491 364 2550 quo
385 2468 563 2540 censeretur,
586 2471 683 2529 darent
702 2491 818 2549 operam

138 2547 302 2618 Consules,
323 2571 358 2606 ne
381 2551 448 2630 quid
470 2549 638 2630 Respublica
658 2551 819 2610 detrimenti

137 2649 269 2708 caperet3
291 2629 472 2688 Saturninum
489 2632 685 2692 &Glauciam
708 2633 737 2691 in
756 2631 819 2692 Ca-

137 2709 269 2789 pitolium
298 2708 451 2788 persecutus
478 2709 608 2782 obsedit,
631 2713 815 2792 maximoque

138 2789 197 2849 astu
213 2791 308 2849 incisis
325 2787 439 2860 fistulis,
459 2793 487 2849 in
505 2791 677 2852 deditionem
693 2795 818 2871 accepit3
855 2801 871 2864 ᾖ

139 2890 190 2930 nec
217 2871 318 2933 deditis
344 2869 411 2933 fides
437 2867 553 2935 servata.
578 2873 703 2935 Glauciae
730 2872 818 2934 fracta

480 3131 482 3136 Ι
551 3101 564 3124 Ι
