2134 3668
3 2715 4 2768 ζ
54 2729 66 2754 x

224 217 290 299 156
339 208 768 284 AuuVrcrortrs

197 325 315 404 ‚subitb
338 329 473 389 imbribus
497 329 730 414 tonitrubusque,
752 355 813 414 quae
833 355 899 395 cum

220 409 270 468 illd
284 429 383 480 erant,
399 409 538 490 disjedlis,
557 410 675 490 'aMarte
693 411 876 494 compressam
887 463 899 487 ‚

221 491 495 572 conturbatumque,
516 514 583 554 mox
602 515 752 554 recreatam
772 493 901 556 consola-

220 574 299 631 tione
319 573 395 643 Dei,
411 593 517 632 nomen
531 572 611 633 suum
631 575 803 645 indicantis,
825 577 901 638 affir-

221 651 380 734 mantisque
406 675 439 712 ex
458 653 490 712 eal
509 674 589 714 natos
611 655 713 736 dignos
735 675 811 736 parre
832 678 901 718 eva-

221 733 307 794 suros.
320 733 444 794 Primum
458 737 468 793 i
489 737 543 800 itur
553 737 684 796 Amulius
698 757 764 808 rex,
779 756 809 796 ut
818 759 903 797 scom-

211 817 292 896 perit
307 813 418 875 Rheam
442 757 559 876 Sisviam
575 816 751 876 sacerdotem
769 815 900 898 peperisse

222 899 374 978 geminos,
398 895 522 976 protinds
539 900 687 978 imperavit
706 897 844 978 deportari
863 901 900 960 ad

222 997 328 1058 aquam
342 980 544 1057 profluentem,
562 997 645 1059 arque
660 977 695 1038 ed
712 979 805 1063 abjici.
821 979 899 1041 Tum

222 1059 290 1132 isli,
313 1061 413 1140 quibus
434 1058 463 1118 id
484 1062 650 1138 imperatum
671 1079 751 1130 erat,
774 1061 899 1140 imposi-

223 1159 268 1200 tos
286 1141 367 1202 alveo
382 1159 500 1218 pueros,
523 1143 594 1199 circa
608 1141 831 1201 radicesmontis
846 1143 901 1202 Pa-

223 1220 285 1278 latii
305 1223 334 1278 in
352 1219 501 1292 Tiberim,
524 1223 573 1301 qui
593 1241 653 1280 tum
673 1223 782 1304 magnis
803 1223 901 1282 imbri-

222 1301 274 1360 bus
292 1299 488 1381 stagnaverat,
512 1303 692 1378 abjecerunt:
715 1301 828 1384 ejusque
851 1323 898 1362 re·

218 1383 318 1464 giouis
338 1379 466 1440 subulcus
485 1381 649 1454 Faustulus,
671 1382 825 1464 speculatus
847 1405 899 1443 ex-

223 1479 381 1542 ponentes,
406 1481 437 1521 ut
459 1462 531 1522 vidit
555 1465 696 1522 relabente
720 1466 834 1522 flumine
858 1465 902 1526 al-

222 1564 329 1615 veum,
354 1543 384 1602 in
408 1565 466 1624 quo
488 1547 563 1624 pueri
581 1563 679 1616 erant,
701 1541 843 1604 obhaesiss‘e
865 1546 902 1605 ad

223 1624 353 1686 arborem
374 1622 445 1696 fici,
464 1645 667 1706 puerorumque
685 1627 783 1708 vagitu
805 1625 902 1706 lupam

224 1709 366 1778 excitam,
388 1727 449 1788 quae
462 1725 572 1846 rsepaente
585 1709 688 1765 exierat
702 1751 711 1777 ,
727 1708 818 1785 primo
832 1709 904 1766 lanr-

225 1789 287 1848 bitu
306 1809 354 1848 eos
371 1787 470 1854 detersi
492 1809 507 1844 e
530 1788 616 1858 ‚dein
635 1787 816 1848 levandorum
833 1789 902 1848 ube-

224 1889 286 1928 rum
328 1866 398 1926 ratis
419 1889 559 1928 mammas
577 1864 740 1948 prebuisse,
760 1865 902 1930 descendit

224 1971 257 2009 ac
279 1890 408 2020 sussulit,
430 1947 645 2030 nutriendosque
663 1951 746 2009 Actae
766 1949 902 2012 Larentiae

224 2033 304 2091 uxori
326 2028 380 2090 suae
400 2029 476 2089 dedit
498 2053 505 2086 ι
534 2050 564 2089 ut
582 2028 704 2090 scribunt
720 2029 829 2090 Ennius
849 2031 901 2090 lib.

226 2135 248 2173 ι.
271 2121 297 2173 δι
314 2109 410 2174 Caesar
429 2111 535 2188 lib-11.
556 2111 673 2171 Addunt
693 2111 809 2192 quidam
831 2111 904 2170 Fau-

225 2193 297 2254 stulo
311 2192 501 2274 inspeslante,
517 2194 611 2272 picum
624 2213 736 2274 quoque
751 2190 902 2266 advolasse,

225 2285 253 2336 dt
270 2297 317 2334 ore
335 2277 419 2354 pleno
435 2275 530 2334 cibum
548 2275 636 2353 puetis
652 2270 815 2351 ingessisse,
837 2275 903 2333 inde

226 2357 357 2418 uidelicet
383 2356 479 2434 lupum
503 2357 653 2436 picumque
674 2355 786 2414 Martiae
811 2356 903 2416 tutelae

227 2433 279 2516 esse
300 2483 309 2508 ‚
332 2435 459 2495 arborem
485 2457 599 2516 quoque
622 2435 700 2493 illam
721 2434 904 2495 Ruminalem

226 2518 353 2588 distem,
377 2519 448 2576 circa
467 2537 553 2596 quam
577 2517 654 2596 pueri
677 2515 779 2594 abjeffi
800 2536 903 2587 erant,

247 2595 305 2657 udd
332 2603 389 2678 ejus
419 2593 470 2656 sub
498 2595 596 2655 umbrd
619 2617 702 2676 pecus
725 2593 904 2679 acquiescens

226 2620 342 2758 iberidie
358 2679 498 2736 ruminare
517 2679 551 2736 sit
567 2675 691 2738 solitum.

210 2795 213 2800 ·
269 2759 329 2820 XX
338 2758 361 2820 l.
375 2759 417 2821 At
428 2756 494 2822 verb
505 2758 635 2820 Valerius
646 2757 748 2830 tradit,
759 2777 857 2840 pueros
870 2777 905 2817 ex
