2110 3666
115 359 118 366 ·
265 341 655 426 Bratranrurr'.
733 361 796 431 3⁷5

15 463 16 470 '
107 451 170 524 ¹sed
192 457 341 522 confusum
364 458 453 520 subitd
475 479 566 518 morte
589 460 684 519 amissi
705 458 802 539 Impe-
892 498 894 506 .

118 545 244 612 tatoris,
268 539 385 622 suscepit
401 536 581 600 exercitum(
606 537 685 600 Ctim
716 561 801 599 com·

118 643 228 684 meatus
249 619 420 692 delicerent,
444 630 471 681 &
492 623 538 680 via
560 622 590 680 in
607 620 697 680 reditu
719 622 804 700 proli·

117 707 184 764 xiot
201 703 386 772 immineret,
409 710 436 761 &
457 698 547 760 Persae
567 703 668 760 crebris
687 704 804 762 excursi-

118 784 172 844 bus
191 803 265 844 nunc
281 780 298 841 *a
315 781 427 852 fronte,
448 803 522 840 nunc
541 779 558 840 *a
574 801 676 864 tergo,
695 782 805 841 medio·

117 885 183 924 rum
198 883 311 944 quoque
329 863 415 922 latera
430 860 623 931 incursantes,
643 863 695 920 iter
712 865 804 942 agmi-

117 947 163 1006 nis
174 963 366 1012 morarentur3
378 940 549 1022 consumptis
564 942 673 1022 aliquot
688 941 802 1016 diebus,
876 961 878 964 ’

37 1095 40 1100 ,
118 1043 198 1086 tanta
216 1025 367 1086 reverentia
390 1023 516 1083 Romani
534 1025 658 1082 nominis
679 1021 756 1092 suit,
772 1041 803 1085 ut

118 1101 137 1166 d
154 1105 245 1166 Persis
262 1107 367 1186 primus
381 1103 418 1162 'de
434 1125 501 1184 pace
522 1101 616 1162 sermo
634 1101 801 1176 haberetur,

118 1207 152 1247 ac
169 1187 264 1246 reduci
284 1183 429 1246 confectus
452 1183 545 1244 inedici
566 1185 701 1243 exercitus
723 1187 800 1245 sine-
878 1195 880 1198 '

118 1287 192 1339 retur
206 1290 217 1340 3
239 1265 451 1325 conditionibus
474 1265 578 1346 (quod
596 1285 740 1346 nunquam
754 1287 804 1326 an·

118 1347 164 1408 tei
185 1345 317 1421 accidit)
339 1344 523 1425 dispendiosis
546 1346 682 1404 Romanae
705 1347 801 1425 reipu-

118 1427 198 1488 blicae
218 1429 381 1505 impositis,
400 1446 432 1486 ut
446 1427 554 1486 Nisibis
569 1435 597 1486 δι
614 1447 676 1506 pars
695 1425 800 1486 Meso-

118 1513 254 1591 potamia:
275 1507 447 1566 traderetur:
465 1508 592 1587 quibus,
616 1506 744 1585 cupidior
761 1527 803 1567 re·

118 1592 170 1672 gni
193 1635 202 1662 ,
234 1586 320 1669 qu'atn
352 1589 471 1669 gloriar,
497 1587 657 1659 Jovianus,
682 1589 802 1667 imperio

117 1670 221 1740 rudis,
243 1669 396 1750 adquievit.
424 1666 519 1744 Quim
542 1689 648 1749 magno
672 1667 802 1747 deinceps

117 1773 167 1811 ore
186 1771 234 1810 tua
247 1796 256 1820 ‚
271 1771 289 1808 o
309 1749 440 1830 Princeps
460 1751 583 1819 invidie,
603 1747 675 1807 faeta
696 1750 803 1829 inclyta

118 1831 183 1893 sunt
201 1829 376 1911 personando
394 1837 404 1888 i
425 1831 526 1910 quibus
544 1851 608 1899 me,
633 1828 697 1888 licdt
713 1831 802 1909 impa-

89 1911 93 1926 ‘
116 1933 176 1973 rem
195 1911 308 1971 dicendi
323 1908 404 1979 nisu,
419 1919 445 1970 δι
460 1933 520 1970 aevo
535 1911 713 1992 graviorem,
734 1931 804 1989 prae·
862 1935 864 1946 ·

117 1993 248 2074 parabo:
266 2011 379 2052 maneat
396 1989 485 2050 modo
501 1987 625 2052 concessa
641 1992 695 2059 Dei
710 2011 800 2064 nutu,

117 2082 145 2135 δι
162 2075 198 2134 ab
217 2075 311 2132 amico
323 2117 332 2142 ,
345 2074 390 2130 cui
406 2072 495 2130 credis
509 2081 536 2144 βι
551 2071 671 2130 creditus
686 2092 714 2129 es
726 2118 735 2142 ,
749 2091 802 2132 nu·

116 2158 195 2214 mine
215 2153 324 2212 indulta
347 2151 488 2222 felicitas,
503 2171 535 2210 ut
551 2151 587 2210 ad
606 2149 678 2210 hanc
695 2151 799 2233 ingen-

22 2237 26 2245 ’
117 2251 176 2295 tem
207 2232 242 2292 de
270 2230 374 2293 Gothis
397 2277 408 2302 ,
438 2235 523 2292 etiam
552 2232 723 2291 Babilonicae
747 2231 801 2292 tibi

117 2315 214 2396 palma
235 2315 311 2394 pacis
332 2311 469 2384 accedat,
491 2313 692 2397 gloriosissime
714 2313 800 2374 Prin·

118 2397 214 2478 cipum
230 2393 340 2456 Valens
359 2392 492 2478 Auguste.

352 2582 557 2648 FINIS.
