2134 3668
219 265 285 348 184
368 263 731 336 Authcron

210 381 400 459 QuinIIilibus
419 383 455 442 ab
477 383 534 442 aede
557 384 703 456 Honoris,
723 389 800 467 equis
820 389 889 448 insi·

210 463 327 532 dentes,
349 466 378 522 in
397 463 572 544 Capitolium
595 469 749 526 transirent.
767 469 888 528 Mortuo

210 541 275 602 huic
295 563 403 604 tuntum
426 548 486 619 aeris
508 567 545 626 po
565 546 604 604 uli
624 547 790 606 liberalitate
813 571 886 610 con·

209 624 316 706 gestum
334 623 392 694 est,
406 645 436 684 ut
453 626 518 686 inde
535 567 607 686 ἰξίας
626 625 841 690 uiscerationem
860 639 888 692 &

209 707 303 786 epulas
323 706 433 782 publice
452 707 538 768 daret.

247 787 414 846 XXXIII.
429 789 542 849 Marcus
552 789 656 850 Cutius
669 790 807 850 Dentatus
818 793 889 870 pti-

208 865 259 926 mb
279 867 313 926 de
334 869 506 930 Samnitibus
522 869 725 950 triumphavit,
747 893 817 952 quos
834 871 885 931 us-

208 969 263 1088 pue
283 948 319 1008 ad
339 969 416 1009 mate
435 948 563 1030 superum
579 955 746 1030 perpacavit.
766 951 887 1034 Regres-

223 1051 275 1100 us,
293 1034 322 1090 in
343 1035 478 1092 concione
497 1033 536 1090 ait
553 1055 560 1088 ε
575 1031 702 1092 Tantum
721 1034 782 1114 agri
801 1036 885 1112 cepi,

208 1130 239 1170 ut
256 1111 379 1171 solitudo
395 1111 488 1172 fututa
503 1112 607 1184 fuerit,
626 1115 679 1172 nisi
698 1131 808 1174 tuntum
827 1111 886 1172 ho-

209 1195 320 1252 minum
341 1190 467 1271 cepissem
484 1216 493 1262 3
508 1213 616 1252 tantum
634 1190 718 1273 porro
736 1191 886 1256 hominum

170 1324 173 1335 .
209 1277 289 1352 cepi,
302 1293 332 1332 ut
345 1272 421 1332 fame
432 1277 545 1354 petituri
557 1271 686 1344 fuissent,
708 1277 762 1334 nisi
777 1295 887 1336 tantum

209 1357 272 1434 agri
289 1351 425 1433 cepissem.
438 1354 542 1414 Itenim
557 1355 590 1414 de
604 1355 715 1414 Sabinis
728 1354 887 1436 triumpha-

207 1437 257 1494 vit.
278 1431 378 1494 Tettib
399 1436 433 1514 de
455 1437 575 1495 Lucanis
595 1457 683 1494 ovans
705 1435 816 1496 Utbem
836 1440 885 1496 in-
931 1489 936 1494 .

207 1517 313 1575 troIvit.
334 1514 473 1597 Pyrrhum
493 1517 642 1596 Epirotam
666 1515 748 1576 Italici
769 1519 884 1598 expulit.

207 1595 352 1672 Quatetna
372 1597 444 1657 dena
460 1619 476 1656 a
497 1601 517 1656 ri
539 1602 637 1678 jugera
655 1599 760 1656 viritim
780 1600 886 1678 populo

207 1619 509 1740 dimit‘si‘ffleinie
528 1677 646 1738 totidem
663 1675 822 1748 constituit,
841 1679 887 1739 di-

206 1777 272 1816 cens
288 1764 428 1818 neminem
443 1757 494 1820 ess‘e
512 1760 632 1828 debere,
646 1761 689 1818 cui
705 1781 763 1818 non
776 1779 886 1822 tantum

207 1836 350 1900 sufficeret.
371 1841 484 1922 Legatis
505 1841 665 1902 Samnitum
688 1861 785 1900 aurum
807 1838 884 1900 offe-

206 1921 348 1990 rentibus,
368 1920 431 1980 cum
448 1919 505 2060 Ipse
523 1923 553 1980 in
571 1920 639 1980 foco
657 1943 736 2001 rapas
750 1941 882 1982 torreret:

204 1998 311 2070 Malo,
330 2003 359 2060 in
381 2005 442 2072 uit,
483 2023 520 2060 aec
540 2005 570 2060 in
583 1999 714 2062 finitibus
729 2005 797 2100 meis
812 1999 884 2074 effe,

205 2088 233 2138 δι
253 2103 351 2142 autum
360 2022 539 2142 babentibus
565 2085 708 2162 imperate.
731 2083 808 2144 Cum
834 2087 883 2144 in'-

204 2161 329 2222 tetvetsae
353 2166 475 2243 pecunia:
501 2183 689 2244 argueretur,
716 2163 817 2222 cadum
844 2165 883 2224 li-

204 2262 331 2334 gneum,
346 2267 403 2326 quo
424 2249 464 2306 uti
482 2244 519 2304 ad
534 2243 668 2304 sacrificiu
684 2243 883 2316 consueverat,

206 2342 237 2383 in
263 2326 388 2386 medium
413 2329 560 2405 protulit,
584 2328 739 2405 juravitque
761 2323 789 2384 se
814 2323 886 2386 nibiI

206 2406 325 2484 amplius
345 2405 380 2466 de
401 2405 491 2486 praedb
509 2404 604 2466 hostili
624 2409 653 2466 in
669 2405 787 2466 domum
804 2405 885 2466 suam

202 2485 377 2546 convertisse.
408 2488 521 2569 Aquam
551 2487 652 2546 deinde
679 2489 819 2548 Anienem
848 2487 885 2547 de

205 2568 345 2628 manubiis
366 2566 488 2628 hostium
507 2572 537 2628 in
555 2569 666 2630 Urbem
686 2567 803 2628 induxit.
819 2567 885 2628 Tti-

145 2677 148 2681 ·
205 2646 294 2707 bunus
319 2648 407 2728 plebis
433 2649 526 2708 Patres
554 2652 680 2708 austeres
705 2648 766 2709 fieti
788 2651 886 2730 co'e‘git

204 2731 348 2799 comitiis,
366 2732 467 2812 quibus
479 2731 602 2811 plebeius
612 2727 789 2814 magistratus
806 2750 885 2788 crea-

154 2811 168 2820 ““
205 2808 295 2870 batus.
327 2809 376 2874 Ob
407 2809 465 2872 haec
496 2815 596 2874 metita
625 2811 726 2874 domus
754 2813 782 2871 ei
808 2808 884 2892 apud
