2110 3666
284 324 637 382 EPITOML
731 334 796 401 3½

114 440 162 492 aet
189 431 335 512 improbas
363 431 528 505 detestans,
564 430 664 494 fiscum
694 429 799 492 lienem

113 529 249 583 vocaret,
273 514 351 597 quod
374 536 409 574 eo
435 513 573 586 crescente
598 535 674 575 artus
697 515 800 596 reliqui

14 565 15 588 i
48 597 51 606 ’
90 660 92 668 ,
113 593 269 655 tabescant.

154 676 262 736 XLIII.
284 675 372 759 Igitur
389 677 515 738 Iulianus
531 671 642 736 redadi
660 675 695 736 ad
710 693 800 738 unum

116 755 144 817 se
164 759 240 818 orbis
262 758 389 818 Rotnani
408 761 577 827 curatione,
600 759 695 851 gloriae
714 761 800 818 nimis

116 838 264 918 cupidus',
291 843 321 900 in
354 837 450 902 Persas
474 836 667 921 proficiscitur.
694 836 757 902 Illic
785 837 802 900 i

117 916 263 1005 transfugi
306 921 411 984 uodam
442 923 473 980 in
503 919 618 980 insidias
644 919 800 991 deduius,

117 999 181 1060 crim
210 1023 275 1062 eum
320 1005 363 1062 'nc
389 1001 455 1062 iude
480 996 577 1062 Parthi
604 1020 756 1084 urgerent,
785 1001 802 1061 ὲ

117 1081 211 1144 castris
232 1089 291 1164 jam
313 1082 433 1164 positis,
465 1102 577 1163 arrepto
599 1081 709 1143 tantdm
735 1085 799 1164 cly-

117 1185 199 1245 peo,
229 1168 379 1246 procurrit.
406 1163 483 1225 Cdrn
508 1185 541 1224 ue
567 1163 727 1224 inconsulto
750 1184 799 1224 ar-

118 1245 188 1306 dore
211 1247 309 1307 nititur
335 1247 446 1308 ordines
468 1187 505 1306 ad
528 1247 652 1328 praelium
676 1267 799 1328 compo-

118 1348 206 1398 nere,
228 1327 264 1391 ab
285 1349 342 1388 uno
364 1351 398 1388 ex
419 1326 545 1388 hostibus
566 1327 726 1410 &quidem
750 1327 799 1388 fu-

119 1411 237 1490 giente,
268 1425 353 1470 conto
382 1412 541 1490 percutitur.
567 1408 738 1491 Relatusque
771 1413 802 1472 in

119 1489 361 1560 tabernaculum,
396 1489 542 1572 rursusque
578 1491 615 1550 ad
646 1488 801 1554 hortandos

107 1569 184 1631 'suos
202 1569 342 1655 egressus,
363 1572 499 1651 paulatim
527 1568 663 1710 sarppguiue
692 1591 800 1632 vacua·

120 1671 187 1724 tus,
213 1655 288 1712 circa
314 1655 405 1712 nociis
435 1651 494 1711 sere
519 1655 645 1712 tacitam
673 1653 800 1724 defecit,

120 1733 271 1815 praefatus,
294 1727 424 1794 consulto
446 1731 503 1793 sese
524 1732 559 1794 de
583 1733 706 1813 Imperio
730 1733 803 1795 nihil

118 1813 257 1875 mandare
273 1859 283 1885 ,
298 1835 355 1886 ne,
381 1815 422 1872 uti
449 1813 541 1886 solet,
565 1816 595 1874 in
623 1815 803 1876 multitudine
835 1850 839 1862 x
888 1865 909 1883 a

121 1893 340 1976 discrepantibus
364 1892 461 1958 studiis
484 1899 604 1966 amico,
635 1915 668 1957 er
696 1897 804 1958 invidia

121 1977 316 2058 Reipublicae,
335 1976 476 2038 discordia
495 1976 629 2038 exercitiis
648 1982 802 2060 periculum

121 2079 241 2140 pararet.
262 2060 364 2121 Fuerat
385 2060 466 2120 ineo
485 2059 641 2118 litterarum
663 2082 695 2118 ac
713 2080 805 2142 nego·

122 2143 227 2200 tiorum
249 2145 349 2223 ingens
365 2137 501 2209 scientia3
522 2161 557 2197 eo
578 2145 685 2218 juverat
709 2139 804 2221 philo-

118 2219 228 2303 sophos
238 2255 255 2291 ,·
269 2230 297 2283 δι
315 2220 478 2282 Graecorum
498 2214 725 2300 sapientissimos.
741 2221 804 2284 Usu

123 2306 279 2385 promptior
309 2305 453 2382 corporis,
482 2299 569 2382 quiam
599 2301 708 2362 validus
734 2307 808 2384 qui·-

124 2383 211 2455 dem,
231 2383 280 2446 sed
296 2385 387 2444 brevis
406 2381 469 2444 fuit.
485 2383 554 2443 Hatc
572 2383 807 2466 minuebarqua-

124 2465 246 2526 tundam
266 2487 359 2526 rerum
381 2466 523 2548 negleeius
548 2464 660 2524 modus.
690 2465 807 2546 Cupido

124 2548 215 2608 laudis
240 2547 421 2618 immodica3
450 2544 539 2606 cultius
567 2547 727 2605 Numinum
756 2545 806 2607 su-

126 2627 319 2709 perstitiosus3
343 2628 433 2688 audax
478 2629 539 2698 lus,
567 2625 653 2708 quim
679 2629 807 2708 Impera-

125 2727 218 2776 ¹torem
247 2709 351 2780 decet,
378 2712 422 2768 cui
450 2650 521 2768 silus
544 2711 678 2787 propria,
702 2707 811 2792 semper

126 2791 164 2852 ad
180 2791 356 2852 securitatem
369 2793 521 2860 omnium,
535 2792 565 2848 in
575 2789 650 2849 bello
665 2792 809 2862 maximi,

127 2865 319 2936 conservaiada
343 2870 390 2932 est.
415 2871 459 2931 Ita
485 2871 565 2930 ilium
587 2871 690 2951 cupido
715 2873 810 2954 gloriae
894 2939 895 2944 ἵ

127 2956 294 3038 flagrantior
304 2956 469 3036 pervicerat,
481 2973 512 3014 ut
524 2973 615 3035 neque
625 2972 702 3094 pprrae
712 2971 810 3024 motu,

667 3056 687 3112 ¹I

262 3169 279 3202 f
