2060 3662
285 332 468 405 Linon
507 331 578 405 VI·
725 357 769 420 71
809 339 815 350 “

92 451 181 530 peio,
200 451 374 534 senatusque
401 457 519 527 omnis,
542 472 626 534 atque
645 453 773 516 universa

92 532 225 592 nobilitas
251 553 285 592 ex
306 535 386 597 Urbe
414 535 509 620 fugit,
530 535 608 596 &in
630 533 773 596 Graeciam

92 615 201 674 transiit
229 637 236 670 ι
264 615 339 694 apud
362 616 507 696 Episum,
536 615 772 688 Macedoniam,

89 691 252 767 Achaiam,
264 695 404 778 Pompeio
425 697 495 758 duce
510 744 521 768 ,
538 698 655 760 Senatus
674 717 772 760 contra

90 774 235 837 Caesarem
250 777 362 841 beilum¹
377 781 493 858 paravit.
685 781 687 786 ’

131 857 199 918 ΧΧ.
218 855 330 929 Caesat,
352 881 472 920 vacuum
489 859 600 922 Urbem
613 856 745 942 ingreffus
758 903 771 930 ,

89 935 272 998 Distatotem
284 937 312 998 se
325 939 392 1000 fecit
408 963 414 997 :
432 941 498 1002 inde
511 939 664 1020 Hispanias
682 943 772 1021 petiit.

89 1017 139 1078 Ibi
158 1019 289 1100 Pompeii
304 1022 438 1082 exercitus
456 1022 688 1084 validissimos&
708 1021 772 1080 for-

90 1101 216 1160 tissimos
233 1121 297 1160 cum
312 1103 401 1162 tribus
419 1102 558 1175 ducibus,
578 1103 612 1164 L.
630 1101 773 1174 Afranio,

89 1180 137 1242 M.
154 1181 288 1254 Petreio,
306 1183 351 1244 M.
367 1185 517 1256 Varrone,
535 1183 682 1264 superavit.
703 1183 774 1244 Inde

89 1259 245 1345 regressus,
266 1265 298 1324 in
317 1265 458 1326 Gtaeciam
472 1267 604 1338 transiit,
625 1263 774 1326 adversum

89 1341 261 1424 Pompeium
277 1344 445 1406 dimicavit:
462 1348 555 1428 ptimo
571 1347 667 1426 ptaelio
683 1345 774 1410 vitius

89 1421 154 1497 est,
174 1435 201 1486 &
215 1425 328 1508 fugatus
341 1449 351 1498 3
366 1429 454 1488 evasit
471 1448 591 1500 tamen,
605 1430 675 1509 quia
689 1431 774 1488 nodie

89 1507 292 1568 interveniente
312 1508 464 1589 Pompeius
487 1507 566 1590 sequi
585 1510 700 1578 noluit,
723 1508 774 1583 di·

89 1589 187 1668 xitque
199 1587 296 1650 Cesar
308 1633 318 1660 ,
331 1613 379 1653 net
389 1589 551 1664 Pompeium
562 1588 635 1666 scire
647 1592 755 1650 uincere
762 1635 774 1662 ,

91 1665 120 1730 θ
134 1669 187 1728 illo
199 1669 305 1728 tantum
317 1672 361 1730 die
374 1670 406 1748 se
415 1669 530 1746 potuiffe
536 1669 671 1749 fitperari.
685 1671 775 1730 Dein-

90 1748 186 1811 dein
211 1746 355 1812 Thetsalit
385 1751 460 1832 apud
486 1748 776 1831 Palaeopbarsalum,

89 1829 235 1912 produffls
256 1833 384 1913 utrinque
406 1833 568 1916 ingentibus
588 1833 699 1912 copiis,
724 1832 774 1892 di-

89 1913 275 1974 micaverunt.
296 1913 427 1992 Pompeii
443 1916 517 1974 ‘acies
534 1911 634 1974 habuit
653 1913 776 1996 quadra-

89 1995 173 2077 ginta
190 1995 281 2054 millia
300 1993 448 2075 peditum,
473 1997 578 2078 equites
607 1997 637 2054 in
666 1992 776 2056 sinistro

89 2095 180 2136 cornu
208 2073 376 2158 sexcentos,
400 2077 431 2136 in
455 2077 553 2139 dextro
578 2079 776 2158 quingentost

89 2175 220 2237 praeterea
250 2159 336 2218 totius
365 2157 493 2218 Osientis
522 2157 652 2226 auxilia,
685 2173 776 2217 totam

88 2239 273 2298 nobilitatem
286 2283 300 2308 ,.
319 2239 481 2300 innumeros
503 2237 673 2306 Senatores,
699 2237 776 2298 Ptae-

89 2322 180 2380 sorios
194 2365 203 2390 ,
218 2317 411 2389 Consulares,
429 2328 457 2380 δι
490 2319 519 2378 ui
526 2333 699 2400 :magnorum
716 2323 776 2396 jam

89 2401 262 2480 populorum
278 2401 398 2462 victores
415 2397 457 2462 fui
480 2421 535 2460 ent.
556 2397 653 2462 casn
668 2401 699 2460 in
715 2401 777 2460 acie

89 2480 141 2543 suti
167 2479 267 2542 habuit
289 2481 416 2562 peditum
441 2504 498 2542 non
524 2483 633 2564 integra
660 2481 776 2564 triginta

91 2564 184 2625 millia
197 2609 209 2632 ,
224 2565 336 2643 equites
355 2563 441 2623 mille.
575 2574 580 2578 “
638 2587 640 2594 ’

131 2643 395 2724 XXhNumquam
414 2641 506 2704 adhuc
525 2644 663 2706 Romame
686 2643 774 2723 copiae

90 2728 122 2788 in
142 2746 257 2797 unum,
277 2745 367 2806 neque
387 2730 530 2804 majores„
552 2739 645 2807 neque
667 2723 775 2784 melio-

90 2809 169 2868 ribus
184 2807 326 2878 ducibus,
348 2821 559 2878 convenerant,
580 2825 673 2868 totum
694 2824 782 2866 tetra·

92 2911 156 2950 tum
181 2889 281 2950 orbem
309 2889 393 2950 facile
419 2884 593 2960 substitutae,
624 2891 648 2948 si
678 2905 775 2950 contra
