2110 3666
311 381 659 436 errroma
754 393 820 458 3η

139 488 190 548 vit.
204 486 295 568 Hujus
306 506 433 570 tempore
452 486 595 548 saculares
612 487 672 548 ludi
691 487 823 550 celebrati

140 566 212 630 sunt.

179 650 325 710 Hastenus
346 649 469 722 Romae,
491 648 539 710 seu
565 670 612 732 per
634 649 747 710 Italiam
767 655 823 711 orti

138 728 293 812 Imperium
323 733 447 802 rexdre3
478 729 545 791 hinc
576 731 698 791 advenae.
734 731 822 794 Unde

139 832 318 892 compertum
340 811 397 882 est,
415 813 515 870 urbem
539 813 664 872 Romam
692 832 822 872 externo·

138 911 202 952 rum
214 896 315 952 virtute
330 889 449 952 creviffe.
461 894 542 970 Quid
556 896 631 952 enim
646 893 741 952 Nervi
753 915 821 973 pru-

140 972 250 1032 dentius
281 993 328 1033 aut
354 973 556 1033 moderatius?
588 974 667 1050 Quid
696 973 823 1054 Trajano

141 1052 285 1114 divinius?
312 1054 381 1136 quid
401 1053 569 1135 prestantius
587 1055 760 1116 Hadriano?

182 1133 260 1194 XII.
282 1135 421 1196 Cocceius
440 1137 534 1196 Nerva
551 1136 657 1216 oppido
669 1137 823 1198 Narniensi

163 1218 251 1276 enitus
263 1262 273 1288 ,
296 1219 445 1298 imperavit
468 1215 576 1276 menses
597 1215 738 1289 sedecim,
763 1218 823 1279 dies

141 1235 249 1358 decem.
280 1296 333 1357 Iste
361 1297 426 1358 caim
457 1299 607 1379 imperium
638 1296 821 1380 suscepisset,

140 1398 209 1437 mox
233 1400 344 1439 rumore
365 1399 456 1450 orto,
484 1383 579 1440 vivere
611 1400 695 1461 atque
724 1379 823 1440 adfore

139 1458 363 1533 Domitianum,
386 1461 499 1539 perinde
521 1460 692 1539 trepidavit,
713 1479 744 1520 ut
767 1483 822 1520 co·

140 1540 201 1600 lore
225 1561 359 1614 mutato,
381 1541 473 1600 verbis
495 1543 626 1609 amissis,
644 1543 692 1600 vix
712 1539 822 1602 consis-

141 1637 219 1680 teret.
240 1622 297 1682 Sed
316 1619 342 1680 ·*a
367 1619 518 1680 Parthenio
545 1619 748 1692 confirmatus,
777 1643 823 1682 re·

142 1700 223 1780 ceptd
249 1699 374 1772 fiducia,
399 1701 435 1760 ad
464 1699 579 1760 solenne
603 1700 824 1770 delenimentum

143 1780 291 1842 conversus
313 1780 361 1842 est.
383 1781 442 1859 Qui
463 1779 527 1842 crim
548 1785 577 1841 in
601 1785 706 1842 curiam
731 1779 748 1843 ai
772 1785 824 1844 Se·
855 1849 856 1853 ,

143 1882 211 1922 natu
223 1882 362 1947 gratanter
373 1884 501 1946 exceptus
518 1859 601 1936 effer,
617 1863 689 1924 solus
707 1886 739 1924 ex
757 1887 831 1925 om-·
854 1927 856 1934 ,

142 1944 224 2004 nibus
250 1945 346 2006 Atrius
372 1945 533 2006 Antoninus
557 1949 600 2006 vir
629 1968 712 2018 acer,
741 1949 823 2029 eique

141 2027 359 2099 amicissimus,
393 2027 585 2088 conditionem
621 2029 823 2107 imperantium

141 2105 291 2185 prudenter
320 2110 508 2187 exprimens,
545 2109 689 2186 amplexus
722 2130 786 2168 eum
810 2157 823 2183 ,

143 2186 288 2247 Gratulati
304 2185 332 2246 se
352 2190 391 2246 ait
409 2189 565 2248 Senatui&
585 2189 690 2268 populo
709 2191 824 2268 provin-

142 2267 266 2352 ciisque,
283 2269 337 2348 ipsi
352 2287 445 2327 autem
459 2287 659 2349 nequaquam,
676 2271 721 2328 cui
740 2265 824 2332 satius

142 2346 235 2410 fuerat
262 2349 352 2409 malos
378 2345 486 2430 semper
515 2351 652 2429 principes
681 2348 822 2424 eludere,

142 2427 228 2510 quim
249 2431 321 2491 tanti
337 2433 429 2491 oneris
449 2432 509 2491 vim
529 2427 727 2502 sustinentem,
747 2429 823 2492 haud

142 2510 277 2572 molestiis
305 2510 394 2572 modd
422 2521 450 2573 δε
474 2512 601 2593 periculis
626 2510 751 2596 subjici,
774 2510 824 2572 sed

143 2591 227 2654 famae
251 2595 337 2653 etiam
363 2595 544 2654 inimicorum
569 2595 671 2674 pariter
693 2603 721 2654 δι
749 2595 824 2655 ami-

143 2694 242 2736 corum
253 2695 263 2746 3
286 2676 335 2756 qui
357 2673 421 2734 crim
442 2672 470 2734 se
489 2677 589 2735 mereri
609 2678 707 2735 omnia
724 2673 825 2758 praesu-

142 2774 244 2827 munt,
264 2757 288 2816 si
305 2754 461 2836 quidquam
475 2779 533 2816 oon
551 2755 733 2830 extorserint,
747 2777 824 2817 atro-

144 2837 232 2897 ciores
262 2834 325 2896 sunt
356 2837 422 2936 ipsis
455 2857 569 2918 quoque
602 2835 737 2898 hostibus.
769 2836 823 2897 Iste

144 2917 282 3001 quidquid
303 2937 386 2980 antea
403 2935 492 2999 poenat
512 2921 628 2980 nomine
650 2919 760 2980 tributis
775 2939 824 2980 ac-
