2142 3664
269 347 702 417 nawcmsanrrus.
755 351 819 414 281

149 485 230 545 quos
244 467 273 524 in
292 484 401 526 tantum
425 467 628 536 afflictaverat,
650 468 691 526 uri
715 467 824 527 Praeto-

149 548 233 605 rianis
260 547 363 606 caedem
392 549 470 630 vulgi
497 548 641 628 quondam
671 551 825 620 annuerit,

148 626 309 708 primusque
322 626 448 687 instituto
464 632 584 707 pessimo
600 649 745 688 munerum
764 627 827 708 spe·

148 710 191 767 cie
217 709 312 768 Patres
341 707 516 790 aratoresque
541 713 687 790 pecuniam
712 709 825 769 conser-

148 809 177 848 te
203 788 362 871 prodigenti
386 791 438 848 sibi
461 809 580 872 cogerer.
605 791 736 867 Quorum
759 791 828 850 odio

148 869 287 929 Praeroriae
300 871 426 952 legiones
439 913 450 941 ,
471 893 503 930 ac
520 869 641 930 subsidia
657 871 827 932 fadionibus

149 954 282 1030 aptiora,
305 951 391 1032 qu'am
415 952 477 1010 urbi
501 953 622 1023 Romae,
647 952 754 1012 sublata
778 975 828 1032 pe-

149 1030 243 1102 nitds,
271 1033 355 1091 simul
383 1053 459 1092 arma
483 1052 566 1114 atque
586 1030 650 1092 usus
671 1032 829 1093 indumenti

150 1113 287 1171 militaris.
311 1110 413 1172 Adbuc
432 1117 530 1173 cundia
554 1135 660 1194 opera,
684 1135 744 1196 quae
765 1135 828 1174 ma-

173 1192 255 1251 nificd
274 1192 482 1264 construxerat,
496 1195 585 1256 Urbis
604 1193 725 1265 sanum,
744 1214 828 1276 atque

150 1213 322 1345 basilicam,
343 1275 432 1334 Flavii
447 1278 553 1335 meritis
567 1277 660 1335 Patres
678 1274 827 1336 sacravdre.

151 1355 179 1414 A
198 1355 255 1436 quo
275 1358 361 1414 etiam
380 1355 440 1436 post
456 1357 556 1420 Circus
574 1359 713 1417 maximus
733 1358 828 1416 excul-

151 1454 195 1494 tus
213 1435 355 1508 mirifice,
383 1457 411 1496 at
432 1459 465 1496 ue
487 1437 522 1497 ad
542 1438 692 1497 lavandum
714 1437 827 1498 institu-

150 1535 211 1576 tum
226 1539 296 1598 opus
306 1459 495 1577 cacterisitaud
508 1517 599 1578 multb
613 1517 713 1598 dispar.
728 1520 831 1580 Statuae

150 1598 221 1657 locis
234 1597 320 1678 quim
336 1599 543 1668 celeberrimis,
562 1620 680 1679 quatum
695 1600 782 1678 plures
796 1621 830 1659 ex

151 1699 241 1749 auro,
264 1697 312 1736 aut
332 1697 468 1759 argenteae
489 1677 575 1749 sunt3
598 1698 657 1737 tum
685 1699 731 1757 per
749 1679 830 1739 Afri-

151 1779 215 1816 cam
240 1755 425 1817 sacerdotium
448 1758 590 1818 dectetum
604 1760 705 1818 Flaviae
726 1764 803 1840 genti
816 1807 828 1831 ,

152 1839 295 1920 Cirtaeque
314 1840 419 1920 oppido
434 1840 531 1921 ,quod
549 1839 696 1900 obsidione
706 1840 830 1901 Alexan-

152 1919 196 1979 dri
218 1919 375 1992 ceciderat,
395 1925 517 2003 reposito
541 1941 752 2004 exornaroque,
775 1946 830 1982 no-

151 2023 217 2060 men
235 2001 421 2065 Constantina
440 2005 568 2064 inditum.
591 2002 673 2064 Adeb
692 2002 829 2084 acceptius

151 2081 376 2164 praestantiusque
403 2085 602 2164 Tyrannorum
636 2081 830 2163 depulsoribus

150 2161 223 2223 nihil
244 2163 303 2236 est,
327 2181 446 2244 quorum
472 2169 561 2244 gratia
584 2163 619 2224 eb
642 2167 756 2224 demum
779 2187 830 2225 au-

152 2247 224 2304 &ior
243 2247 318 2314 erit,
338 2248 361 2303 si
378 2243 496 2305 modesti
517 2248 569 2325 ipsi
587 2265 669 2326 arque
688 2245 829 2305 abstinen-

151 2343 191 2384 tes
212 2328 275 2384 sint.
293 2327 406 2404 Quippe
423 2324 552 2386 humanae
570 2346 677 2386 mentes
697 2325 829 2400 frustrarat

152 2407 222 2465 boni
242 2405 309 2485 spe,
331 2405 450 2485 asperiris
464 2405 662 2478 offenduntur,
686 2406 748 2467 cum
768 2429 829 2488 mu-

151 2506 211 2545 tato
230 2491 334 2547 restore
347 2487 488 2572 flagitioso
501 2510 686 2550 aerumnarum
704 2491 746 2550 vis
766 2510 830 2549 ma·
871 2524 874 2542 ι

151 2587 228 2643 net„

193 2649 283 2709 XLI.
305 2650 383 2713 Dum
408 2648 465 2710 haec
487 2655 518 2712 in
536 2653 650 2712 Italiam
673 2671 827 2736 geruntur,

152 2731 328 2790 Maximinus
341 2731 377 2790 ad
391 2731 559 2803 Orientem,
579 2733 640 2812 post
653 2734 761 2793 biennii
778 2755 827 2792 au·

152 2811 262 2893 gustum
284 2811 436 2891 Imperium
455 2813 530 2874 susus
555 2813 722 2895 fugatusque
744 2812 829 2872 ‘aLi-

152 2895 253 2964 cinio,
282 2893 356 2975 apud
380 2893 500 2954 Tarsum
530 2892 609 2977 perir.
639 2895 681 2955 lta
708 2892 829 2976 potestas

580 3087 600 3131 's
