2060 3662
327 324 512 394 Ltnan
561 324 592 392 Ι.
756 339 798 408 17

162 437 292 504 XVIII.
315 442 401 504 Anno
422 465 502 504 ccc.
521 450 549 503 &
562 442 649 502 altero
667 441 704 500 ab
719 441 801 503 Urbe
865 510 867 514 7

118 523 257 596 conditi,
279 526 429 602 imperium
445 521 603 585 Consulate
617 519 728 582 cellavit
741 565 753 594 ‚›
769 531 801 582 ut

117 625 171 684 pto
186 605 294 665 duobus
308 604 504 677 Consulibus,
521 604 619 663 decem
633 603 701 664 facti
714 601 799 674 sunt,
885 678 886 681 Ἴ

117 688 170 766 qui
183 685 323 748 summam
337 685 500 766 potestatem
514 683 663 756 haberent,
677 685 803 745 Decent-

117 769 173 825 viri
192 769 342 828 nominati.
363 765 496 827 Sedecim
513 769 606 847 primo
626 788 702 826 anno
722 767 802 826 beni-1

117 849 177 928 gne
199 845 340 930 egillent,
362 846 484 908 secundo
504 869 574 908 unus
592 869 625 906 ex
642 849 676 906 iis
691 848 801 927 Appius
843 861 844 864 ’

118 928 283 1000 Claudius,
303 931 430 1009 Virgiuii
449 927 615 1008 cujusdam,
636 930 684 1009 qui
704 925 799 986 hone-

117 1008 167 1068 stis
183 1013 242 1086 jam
255 1007 399 1088 stipendiis
416 1028 512 1068 contra
525 1011 643 1070 Latinos
658 1011 687 1068 in
702 1028 801 1070 monte

118 1089 229 1172 Algido
243 1089 407 1160 militabat,
422 1089 511 1150 filiam
524 1091 664 1172 virginem
678 1111 801 1150 cottum-

117 1191 183 1252 pete
204 1171 316 1232 voluit:
335 1191 422 1252 quam
444 1191 520 1251 patet
535 1170 663 1242 occidit,
685 1191 721 1230 ne
739 1169 800 1230 stu·

117 1273 200 1334 ptum
219 1249 419 1314 ‘aDecemvito
440 1251 604 1324 sustinerem
624 1261 650 1312 &
668 1249 822 1336 tegrellus'

117 1332 157 1392 ad
177 1335 305 1404 milites,
330 1336 421 1394 movit
443 1335 604 1394 tumultum.
627 1333 743 1394 Sublata
762 1331 804 1392 est

117 1412 295 1475 Decemvitis
308 1413 447 1494 potestas,
463 1418 571 1496 ipsique
583 1415 711 1474 damnati
727 1412 800 1474 sunt¹

158 1497 251 1556 XIX.
266 1497 353 1556 Anno
366 1499 560 1556 trecentesimo
576 1495 799 1578 decimo-quinto

116 1577 156 1636 ab
175 1579 256 1640 Urbe
280 1576 417 1648 condita,
443 1577 589 1636 Fidenates
615 1595 712 1636 contra
733 1577 799 1636 Ro-

117 1679 220 1718 manos
240 1658 450 1717 rebellaverunt.
471 1659 616 1717 Auxilium
636 1655 801 1736 ptaestabant

119 1735 165 1797 his
187 1741 342 1815 Vejentes,
364 1749 392 1799 &
414 1759 462 1798 tex
483 1739 648 1818 Vejentiutn
671 1738 798 1798 Tolum-

117 1821 182 1879 nius
196 1844 202 1878 :
218 1841 279 1902 quae
293 1819 383 1880 ambae
397 1821 523 1880 civitates
541 1839 599 1879 tam
613 1821 712 1880 vicinae
725 1821 801 1882 Urbi

118 1897 207 1972 sunt,
225 1921 256 1962 ut
273 1901 385 1961 Fidenae
406 1897 504 1972 sexto,
518 1902 653 1980 Vejentes
674 1923 694 1960 x
705 1923 723 1960 v
734 1921 745 1960 1
755 1921 766 1960 ι
776 1923 798 1963 1.

118 1983 253 2042 milliario
278 1983 380 2043 absint.
406 1965 622 2062 Coitjunxenmt
645 1981 673 2042 se
700 1979 744 2042 his
772 1993 801 2044 δε

117 2061 228 2124 Volsci.
246 2063 302 2124 Sed
315 2065 359 2124 M.
371 2063 495 2124 AEmilio
508 2065 656 2124 Dictatore
672 2109 679 2128 ,
700 2072 727 2124 &
740 2064 799 2124 Lu-

118 2145 164 2204 cio
177 2146 299 2222 Quintio
310 2145 485 2206 Cincinnato
494 2143 635 2227 Magistro
644 2145 798 2224 Equitum,

117 2227 206 2298 vicii,
227 2227 314 2286 etiam
327 2228 417 2309 regim
429 2223 615 2306 perdiderunt.
628 2224 739 2286 Fidenae
753 2247 800 2287 ca-

122 2326 199 2388 ptae,
220 2316 247 2366 δι
267 2305 372 2366 excisae.
435 2337 437 2341 ⁴

158 2387 232 2449 XX.
262 2387 327 2448 Post
348 2387 452 2471 viginti
474 2386 575 2450 deinde
600 2410 712 2460 annos,
736 2388 798 2447 Ve-

120 2472 230 2550 ientani
240 2471 449 2535 rebellaverunt.
463 2471 595 2531 Diclatot
610 2491 705 2536 contra
719 2461 799 2548 ipsos

118 2548 212 2611 millus
233 2549 272 2610 est
290 2553 388 2612 Furius
413 2549 555 2611 Camillus
571 2553 651 2632 ,qui
674 2548 798 2630 primum

118 2652 167 2691 eos
188 2633 257 2692 vicit
276 2635 336 2691 acie
355 2656 362 2690 :
384 2653 451 2690 mox
476 2635 562 2692 etiam
586 2634 728 2692 civitatem
749 2631 798 2690 diu

118 2712 250 2772 obsidens
261 2715 357 2794 cepit,
374 2715 600 2794 antiquissimam
612 2713 699 2772 ltaliae
714 2731 798 2791 atquc
871 2778 874 2783 ¹

119 2793 297 2854 ditissimam.
322 2791 388 2854 Post
412 2814 475 2854 eam
500 2795 573 2873 cepit
597 2801 623 2853 &
648 2790 796 2862 Faliscos,

118 2895 178 2936 nou
197 2873 288 2937 mincis
307 2875 435 2938 nobilem
459 2877 610 2938 civitatem.
636 2873 692 2936 sed
711 2893 795 2934 com-
