2060 3662
265 315 308 382 82
457 313 763 382 Evrnomr

262 433 368 492 Senatu
393 423 479 492 hostis
503 433 671 512 judicatus,
694 430 757 492 crim
782 451 948 513 quaereretur

263 513 302 573 ad
319 535 430 594 poenam
450 519 535 594 (quae
553 535 636 594 poena
656 531 714 574 erat
732 514 818 586 talis,
842 534 874 574 ut
889 538 946 575 nu·

166 649 170 658 ,
265 595 315 654 dun
343 617 389 676 per
417 596 561 673 pubiicum
589 593 688 654 durius
712 640 722 667 ,
749 593 827 654 furti
862 599 950 676 capiti

266 681 325 753 ejus
343 674 466 748 inserti,
487 677 572 759 virgis
590 674 678 757 usque
698 675 736 735 ad
754 696 877 735 mortem
895 699 951 736 εκ-

265 757 398 827 deretur,
417 777 501 838 atque
516 759 555 816 ita
573 758 787 836 praecipitaretur
805 758 840 816 de
856 754 949 833 saxo)

267 837 284 895 ὲ
303 839 407 915 priario
423 837 516 920 fugit,
537 839 610 898 &in
630 836 790 898 suburbano
809 836 951 897 feliberti

267 917 334 990 sui,
361 919 438 1000 quod
458 917 496 976 est
519 921 590 978 inter
605 919 741 980 Salariam
761 927 788 978 δι
810 919 949 979 Nomen-

267 1019 366 1059 tanam
391 1002 492 1070 viam,
516 1000 553 1060 ad
598 1020 707 1060 uarturn
727 1000 815 1062 Urbis
837 1001 948 1061 millia-

267 1084 365 1154 rium,
390 1081 536 1142 interfecit.
601 1081 730 1142 dificavit
746 1081 848 1140 Romae
867 1079 949 1140 ther-

267 1183 353 1234 mas,
400 1183 441 1222 uae
466 1183 530 1223 ante
555 1163 724 1222 Neroniana:
746 1163 849 1232 dietae,
874 1185 951 1224 nunc

268 1185 466 1304 Alexanitinae
486 1244 668 1324 appellantur.
691 1243 776 1304 Obiit
793 1265 814 1302 x
830 1265 851 1301 x
867 1264 899 1302 x.
924 1254 952 1304 δι

268 1327 359 1385 altero
379 1327 467 1386 aetatis
483 1347 584 1396 anno,
602 1327 713 1404 imperii
729 1345 800 1384 x1v.
818 1343 904 1405 arque
921 1327 952 1384 in

269 1427 307 1466 eo
321 1409 414 1466 omnis
428 1404 547 1488 Augusti
566 1405 677 1466 familia
692 1404 858 1484 consumpta
875 1404 926 1465 est.

311 1487 404 1547 XVI.
425 1487 502 1546 Huic
513 1487 623 1549 Servius
634 1487 728 1548 Galba
740 1485 889 1557 successit,
904 1510 955 1546 an·

269 1570 435 1650 tiquIssimae
446 1568 602 1628 nobilitatis
612 1569 746 1638 Senator,
758 1565 821 1627 crim
833 1588 955 1628 ixxm.

268 1671 379 1723 ¹annum
400 1669 495 1734 agerer
507 1651 594 1709 aetatis
613 1671 620 1706 :
637 1650 672 1708 ab
686 1647 822 1728 Hispanis
838 1657 867 1708 δι
880 1648 956 1708 Gal-

270 1733 307 1792 lis
335 1733 491 1811 Imperator
516 1731 642 1800 eleteus,
667 1751 735 1789 mox
759 1729 796 1788 ab
823 1727 954 1788 universo

270 1815 395 1871 exercitu
424 1814 541 1872 Iibmtet
568 1830 707 1891 acceptus
739 1810 818 1870 Nam
845 1813 955 1890 privata

270 1898 333 1972 ejus
350 1895 410 1952 vita
431 1895 549 1976 insignis
570 1891 660 1952 fuerat
678 1891 846 1951 militaribus
863 1900 892 1952 δι
908 1894 953 1950 ci·

272 1974 377 2033 vilibus
401 1973 507 2046 tebus3
536 1973 616 2052 Saepe
645 1970 780 2044 Consul,
808 1971 880 2052 saepe
904 1993 955 2053 pro

273 2053 429 2124 Consule,
458 2053 616 2135 frequenter
639 2053 695 2114 dux
722 2055 754 2114 in
781 2057 957 2138 gravissimis

273 2137 363 2196 bellis.
391 2135 484 2215 Hujus
514 2135 597 2195 breve
626 2135 775 2215 imperium
808 2135 864 2196 fnit
884 2150 906 2206 ,'
930 2146 958 2196 δι

272 2218 353 2301 quod
377 2218 454 2278 bona
475 2214 589 2276 haberet
605 2217 744 2288 exordia,
769 2217 823 2276 nisi
846 2216 884 2275 ad
906 2213 956 2275 se·

273 2303 420 2359 veritatem
439 2300 601 2378 propensior
616 2297 762 2359 videretur.
781 2297 895 2357 Insidiis
912 2317 959 2358 ta·

275 2401 342 2440 men
362 2377 488 2438 Othonis
510 2377 618 2439 occisus
643 2378 683 2437 est
695 2424 705 2450 ,
726 2380 837 2459 imperii
860 2377 959 2438 mense

275 2459 397 2541 septimo
410 2483 420 2532 3
437 2461 578 2544 jugulatus
595 2461 625 2519 in
640 2459 706 2519 foro
720 2459 821 2520 Romae
833 2507 845 2530 ,
865 2457 961 2539 sepul·

276 2541 374 2624 rusque
399 2543 431 2600 in
454 2539 542 2602 hortis
567 2539 645 2612 suis,
696 2542 725 2600 ui
744 2538 816 2600 ¹sunt
842 2539 959 2602 Aurelii

275 2621 346 2693 vii,
367 2644 427 2682 non
444 2623 493 2682 lon
516 2622 586 2682 &ab
604 2623 670 2682 urbe
715 2619 795 2680 orni.

315 2703 432 2764 XVII.
455 2643 560 2774 Orio,
586 2700 680 2762 occiso
701 2701 825 2773 Galba,
855 2705 960 2762 invasit

199 2774 202 2778 ⁵
275 2787 428 2866 imperium
449 2805 600 2844 :materno
614 2805 714 2868 genere
733 2784 858 2844 nobilior
871 2782 959 2866 quim

276 2887 414 2950 paterno,
428 2887 527 2930 neutro
541 2885 637 2929 tamen
652 2864 772 2928 obscuro
784 2889 791 2926 ι
802 2867 833 2928 in
847 2865 959 2950 privati
