2142 3664
72 401 75 408 .
206 328 262 378 niz
282 309 400 379 Vnus
416 323 706 376 izrurrmsus.
737 329 798 398 195

120 429 278 492 APetillio
296 427 395 489 Aeiaeo
416 425 549 488 Triburro
570 425 659 506 plebis
675 445 805 522 repetun-

122 509 220 571 darum
232 507 375 570 accusatus
387 555 396 580 ,
410 508 514 568 librum
531 509 674 568 rationum
692 530 722 568 m
740 529 807 568 con·

122 589 216 652 seren
239 591 337 671 populi
360 587 444 649 scidit
467 611 474 646 :
498 587 562 648 Hac
588 585 663 659 die,
687 591 805 669 inquit,

120 614 326 766 (luthuginem
344 672 400 730 vici
414 667 500 747 :Qui
517 670 540 728 si
554 669 662 732 bonum
673 666 780 732 fastum
792 713 804 747 ,

120 754 151 812 in
165 752 346 833 Capitolium
360 771 474 821 eamus,
485 758 513 810 δι
523 749 589 810 Diis
605 747 802 831 supplicemus.

120 832 190 896 Inde
214 835 244 892 in
267 833 460 892 voluntarium
485 831 613 890 exsilium
638 833 804 904 concessit,

120 915 170 974 ubi
203 913 343 993 reliquum
371 914 429 993 egit
458 929 578 970 aetatem.
607 909 738 971 Moriens
769 912 805 972 ab

121 1015 206 1054 uxore
235 995 315 1074 petiit
334 997 345 1065 ',
375 1011 411 1052 ne
444 1011 545 1072 corpus
570 987 651 1052 suum
679 989 805 1054 Romam

124 1071 279 1136 referretur.
329 1142 332 1146 ,

135 1223 142 1228 ,
162 1156 196 1216 L.
218 1149 315 1215 Livius
338 1153 509 1224 Salinator,
535 1149 631 1234 primb
649 1151 748 1214 consul
769 1152 806 1216 de

120 1233 158 1298 Ill
176 1237 224 1296 riis
240 1233 425 1317 triumphavit
439 1256 450 1306 ;
466 1232 568 1294 deinde
582 1256 615 1294 ex
633 1234 741 1296 invidia
753 1255 805 1317 pe·

121 1336 137 1376 c
168 1336 228 1378 atus
253 1337 314 1376 reus
324 1361 336 1390 ,
355 1316 391 1378 ab
415 1316 548 1376 omnibus
571 1315 726 1388 tribubus,
749 1336 802 1376 ex·

120 1417 152 1456 ce
172 1395 201 1458 ti
227 1395 347 1466 Metii,
371 1396 584 1456 condemnatus.
606 1395 711 1456 Iterrim
738 1418 802 1460 cum

119 1419 244 1540 elladio
266 1477 383 1537 Nerone
402 1479 521 1538 inimico
543 1475 593 1538 suo
614 1475 748 1548 Consul,
767 1499 803 1540 ne

120 1557 289 1639 Respublica
299 1555 440 1618 discordia
452 1557 527 1618 male
544 1553 802 1632 administraretur,

120 1641 278 1698 amicitiam
298 1659 363 1698 cum
382 1657 416 1698 eo
436 1640 546 1716 junxit,
567 1646 596 1696 &
618 1635 653 1696 de
667 1636 801 1698 Hasdru-

121 1717 186 1778 bale
202 1715 395 1798 triumphavit.
413 1715 525 1780 Censor
541 1737 606 1778 cum
623 1716 725 1778 eodem
740 1719 803 1780 eol·

120 1797 186 1882 legi
202 1819 302 1860 omnes
319 1798 426 1869 tribus,
440 1793 554 1878 excepti
564 1796 657 1860 Metib
667 1844 678 1871 ,
689 1801 801 1862 serarius

121 1877 206 1953 fecit,
221 1877 358 1960 stipendio
374 1881 513 1960 privavit,
528 1899 563 1938 eo
573 1880 705 1951 crimine,
722 1878 801 1962 qubd

121 1979 169 2022 aut
194 1959 269 2060 uritis
294 1957 323 2019 se
344 1957 443 2039 injusti
470 1955 722 2032 condemnillente
752 1981 801 2024 aut

120 2037 215 2124 postea
230 2059 323 2102 tantos
336 2037 459 2104 bonores
471 2063 531 2102 non
543 2040 618 2102 restb
634 2038 799 2108 tribuillent.

163 2121 212 2182 LI.
231 2120 358 2199 Quinms
377 2121 552 2192 Flaminius,
577 2121 728 2195 flaminii,
770 2127 800 2188 ui

119 2202 195 2282 apud
218 2201 417 2262 Trasimenum
445 2205 551 2282 periit,
571 2199 668 2273 filius,
687 2146 799 2266 Conlul

119 2281 322 2344 Macedoniam
345 2279 488 2354 sortitus,
513 2281 629 2350 ducibus
657 2279 798 2368 Charopae

119 2365 253 2444 principis
284 2361 439 2433 astoribus,
450 2365 627 2446 provinciam
641 2362 798 2450 ingressus,

117 2463 216 2526 regem
246 2385 409 2525 Plrilippum
439 2443 535 2524 praelio
566 2442 640 2504 fudit
663 2489 674 2518 ,
704 2441 798 2520 eastris

120 2526 205 2584 exuit.
219 2523 321 2584 Filium
338 2529 397 2604 ejus
412 2524 590 2586 Demetrium
603 2524 732 2588 obsidem
748 2547 799 2590 ae·

121 2623 152 2664 ce
173 2605 194 2663 't
203 2645 215 2674 ,
229 2623 315 2684 quem
350 2603 448 2666 ecunii
464 2605 613 2666 multatum
631 2607 662 2666 in
676 2628 797 2692 regnum

120 2703 150 2750 re
175 2685 247 2742 ituit.
270 2683 298 2744 A
347 2684 430 2744 abide
446 2706 559 2766 quoque
579 2686 796 2752 Lacedaemonio

120 2761 211 2826 filium
221 2763 351 2826 obsidem
362 2767 477 2845 accepit.
490 2767 605 2828 Liberos
615 2771 700 2832 etiam
714 2769 797 2834 Grae·

121 2867 171 2906 eos
195 2843 310 2906 Nemeae
335 2865 384 2927 per
406 2867 564 2929 preconem
592 2855 796 2990 primunciavit.

654 2951 674 3008 ¹1
