2060 3662
251 344 295 412 54
416 320 735 396 enraoatr

249 458 367 520 tumque
388 435 427 497 est
446 438 553 498 bellurn
573 437 674 498 Marco
696 433 823 498 Claudio
842 437 937 498 Maro·

251 521 346 592 cello,
368 519 426 580 Cn.
438 519 576 582 Cornelio
595 517 726 598 Scipione
745 515 934 580 Consulibus.

250 602 334 664 Tunc
346 601 498 662 Marcellus
516 621 581 660 cum
598 598 683 680 parvi
700 621 787 662 manu
803 602 936 680 equitum

251 684 418 755 dimicavit,
443 691 470 743 &
491 703 586 766 regem
608 681 784 752 Gallorum,
805 681 933 742 Virido-

252 785 363 825 marum
381 765 520 834 nomine,
543 785 629 824 manu
649 761 698 824 suti
714 761 828 822 occidit.
850 761 936 823 Post-

253 868 286 918 ea
307 868 371 906 cum
392 845 462 904 colle
485 845 501 904 i
521 847 648 927 ingentes
664 847 759 924 copias
779 844 933 905 Gallorum

251 931 392 1008 peremit,
410 867 610 988 Mediolanum
629 927 826 1006 expugnavit,
849 948 934 1008 gran·

251 1009 317 1067 dem
339 1007 459 1088 praedim
477 1008 601 1068 Romam
619 1009 753 1086 pertulit3
773 1029 806 1066 ac
824 1011 930 1068 trium·

248 1089 341 1172 phans
360 1089 511 1153 Marcellus
533 1087 622 1168 spolia
638 1088 740 1160 Galli,
762 1086 849 1168 stipiti
868 1091 930 1150 im-

251 1173 366 1253 posita,
389 1168 511 1230 humeris
531 1169 585 1230 suis
601 1171 685 1230 vexit.

292 1252 370 1312 Vll.
392 1252 436 1310 M.
457 1251 589 1310 Minucio
612 1250 713 1322 Rufo,
738 1251 770 1310 P.
792 1250 930 1312 Cornelio

251 1332 426 1394 Consulibus
435 1330 536 1392 Histris
548 1332 654 1392 bellum
666 1333 775 1394 illatum
788 1331 826 1390 est
839 1378 849 1404 ,
862 1335 930 1414 quia

251 1415 413 1475 latrocinati
446 1435 530 1474 naves
560 1414 756 1474 Romanorum
788 1413 929 1486 fuerant,

273 1518 314 1555 uae
341 1495 480 1556 frumenta
504 1493 699 1568 exhibebant,
723 1495 929 1578 perdomitique

250 1517 316 1640 lunt
339 1598 445 1638 omnes
472 1576 584 1636 Eodem
609 1597 685 1636 auno
709 1576 816 1636 bellum
838 1577 928 1638 Ptmi-

253 1681 318 1719 cum
344 1658 496 1722 secundum
518 1659 656 1718 Romanis
683 1657 793 1718 illatum
817 1657 860 1717 est·
883 1655 930 1740 per

250 1740 448 1802 Hannibalem
479 1737 760 1822 Carthaginiensium
791 1735 892 1800 ducem
920 1765 930 1813 ς

253 1825 303 1902 qui
324 1823 482 1906 Saguntum
502 1819 647 1900 Hispaniae
666 1823 839 1892 civitatem,
865 1823 928 1881 Ro-

244 1905 346 1962 manis
363 1904 507 1974 amicam,
530 1924 692 1986 oppugnare
713 1900 853 1987 aggrellus
871 1902 931 1976 est,

252 2005 361 2044 annum
379 2005 465 2068 agens
481 1985 646 2044 vicesimum
667 1987 755 2044 atatis
775 1981 853 2056 snae,
877 2007 929 2045 to·

253 2067 307 2148 piis
337 2067 515 2150 congregatis
549 2086 660 2126 centum
689 2075 717 2126 δι
744 2066 931 2150 quadraginta

252 2148 385 2208 millium.
412 2147 489 2208 Huic
514 2147 640 2206 Romani
670 2168 718 2226 pet
742 2147 851 2230 legatos
877 2149 929 2208 de-

252 2232 480 2300 nunciaverunt,
502 2248 533 2290 ut
559 2228 635 2288 bello
658 2226 814 2322 ablpineret.
843 2229 870 2290 Is
892 2232 930 2290 le—

276 2331 336 2371 atos
348 2311 495 2372 admittere
508 2311 608 2370 noluit.
622 2310 748 2370 Romani
762 2313 847 2370 etiam
862 2311 931 2374 Car·
1015 2335 1016 2338 ¹

253 2332 401 2475 draginem
422 2390 580 2462 miserunt,
602 2410 633 2450 ut
654 2391 832 2452 mandaretur
843 2393 928 2454 Han·

251 2473 366 2545 nibali,
390 2495 426 2534 ne
454 2473 561 2532 bellum
590 2491 686 2533 contra
714 2473 806 2534 socios
835 2477 929 2555 populi

252 2555 379 2615 Romani
397 2573 510 2637 gereret.
530 2553 610 2614 Dura
627 2553 758 2637 responsa
778 2554 794 2615 ‘a
811 2553 929 2618 Cartha-

253 2636 427 2719 giniensibus
448 2635 564 2696 reddita.
587 2637 736 2720 Saguntini
756 2641 859 2698 interea
882 2638 926 2698 fa-

254 2739 301 2777 me
329 2719 398 2778 vieti
428 2715 514 2789 sunt,
542 2721 671 2800 captique
702 2719 738 2780 ab
767 2720 928 2780 Hannibale

253 2800 359 2860 ultimis
381 2802 469 2878 poenis
482 2799 646 2860 afficiuntur.

292 2879 395 2946 VIII.
417 2879 495 2942 Ttina
520 2881 636 2943 Publius
661 2880 811 2944 Cornelius
834 2883 928 2964 Scipio
