2142 3664
228 310 294 380 252
369 289 768 361 AuaVrcroa
860 293 862 298 “

228 407 908 490 mirificipugnantem‚propeMoenumamnem
963 483 965 486 Ι

229 490 908 572 devicit:patiens,communis‚tranquillusque3
986 489 988 497 '

230 573 290 651 pari
308 568 421 628 fortuud
433 579 489 638 ,-&
507 570 606 630 eodem
624 573 829 642 matrimonio,
848 593 907 652 quo

230 670 316 732 pater.
330 651 462 730 Namque
473 651 489 710 J
491 651 577 710 uliam
592 672 742 712 novercam
752 697 763 720 ,
774 657 850 731 cujus
864 652 909 711 fa-

216 733 327 808 ‚cinora
354 728 435 811 supra
463 734 648 802 memoravi,
672 730 764 792 formai
788 753 882 812 captus
895 777 908 801 ,

232 816 383 892 conjugem
404 808 566 882 affediavit3
585 810 648 870 crim
669 812 718 872 iila
738 811 907 882 fadiosios,

175 939 181 945 .
230 890 354 972 aspestui
367 891 548 952 adolescentis
558 937 568 960 ‚
580 890 726 970 praesentiae
738 896 817 972 quasi
827 896 910 974 igna-
991 888 996 898 '

233 995 285 1044 ra,
304 971 391 1032 semet
410 969 524 1032 dedisset
541 975 645 1032 intesto
659 993 774 1052 corpore
792 971 910 1034 afferen-

233 1056 331 1134 tique,
348 1054 483 1123 Vellem,
503 1055 527 1112 si
546 1055 666 1121 liceret,
687 1055 727 1111 uti
750 1077 756 1110 ι
777 1055 908 1133 perulam.

233 1137 286 1206 tius
311 1133 401 1194 multo
423 1136 554 1214 (quippe
581 1155 642 1214 quae
667 1133 802 1212 pudorem
827 1135 910 1194 vela-

234 1224 332 1274 mento
351 1234 461 1274 exuerat
471 1223 487 1288 γ
498 1211 677 1294 respondisset
689 1237 695 1270 :
711 1215 815 1274 Libet?
829 1216 911 1295 plane

234 1296 308 1354 licet.
340 1294 462 1376 AEgypti
491 1292 568 1353 sacra
598 1315 645 1374 per
669 1315 734 1354 eum
765 1294 913 1376 deportata

233 1375 382 1446 Romam,
396 1395 478 1455 atque
494 1378 574 1434 aubia
590 1376 667 1437 Urbs
683 1395 789 1514 mapno
805 1373 912 1436 acceffu

236 1455 300 1516 Viae
311 1475 413 1524 novae,
428 1464 454 1516 δι
470 1454 675 1516 aduvardum
688 1456 723 1514 ab
737 1457 814 1516 oiuta
827 1477 912 1538 opera

236 1534 348 1618 pulchri
370 1535 467 1598 cultris.
491 1536 602 1612 Quibus
622 1535 756 1596 confeuis
774 1535 837 1596 edm
857 1537 914 1616 Sy-

237 1621 308 1678 riam
344 1617 609 1700 circumgrederetur
631 1662 641 1688 ,
674 1639 750 1676 anno
781 1621 913 1697 potentiae

237 1697 316 1760 sexto
332 1701 461 1758 moritur.
484 1698 621 1778 Corporis
640 1698 748 1778 reliqua
767 1699 844 1758 lustu
860 1720 914 1778 pu-

237 1780 313 1838 blico
331 1781 417 1839 relata
435 1779 579 1850 Romam,
597 1797 681 1858 arque
699 1781 770 1838 inter
789 1782 914 1840 Antoni—

235 1881 287 1920 nos
306 1859 431 1918 funerata
449 1858 521 1920 sunt.

261 1939 388 1999 'XXIL
409 1938 521 2000 Dehinc
543 1940 655 2019 Opilius
675 1941 840 2009 Macrinus,
864 1944 914 2022 qui

237 2019 430 2080 Praefeduram
444 2021 577 2080 Praetorio
588 2021 722 2102 gerebat,
737 2021 913 2100 Imperator,

238 2100 351 2183 ejusque
371 2100 443 2162 filius
464 2100 658 2162 Diadumenus
680 2105 795 2162 nomine
818 2099 915 2162 Caesar

238 2180 256 2242 ὲ
273 2181 431 2266 legionibus
450 2183 610 2262 appellatur.
625 2182 761 2258 Quibus,
782 2203 817 2241 eo
835 2180 915 2263 qubd

235 2267 339 2402 ,infans
365 2266 459 2324 amissi
482 2263 617 2343 Principis
640 2262 807 2324 desiderium
831 2282 914 2334 erat,
960 2263 965 2270 ’

241 2365 257 2402 a
278 2343 445 2404 olescentem
456 2345 634 2404 Antoninum
648 2343 915 2404 monetariorum

241 2422 313 2484 nibil
333 2444 428 2504 prater
449 2423 535 2484 saevos
555 2443 638 2504 atque
658 2427 782 2486 inciviles
805 2427 915 2484 animos

238 2507 353 2566 interim
367 2508 536 2584 reperimus·
572 2503 638 2581 Qud
662 2505 752 2586 gratid
772 2506 915 2566 mensibus

240 2584 331 2644 fermd
347 2603 466 2666 quatuor
485 2607 517 2644 ac
541 2584 637 2644 decem
656 2589 702 2646 vix
726 2605 833 2646 retento
854 2589 914 2646 im·

239 2669 339 2747 perio,
359 2687 408 2746 per
425 2687 497 2746 quos
517 2670 600 2728 creati
621 2665 755 2736 fuerant,
777 2667 917 2728 interfecti

96 2857 98 2862 ¹
169 2903 172 2908 Ι
252 2766 310 2888 unit(
315 2826 415 2888 XIII.
440 2827 609 2910 Arcitusque
625 2828 741 2890 Marcus
754 2827 918 2890 Antoninus
