2110 3666
296 329 647 385 EPJTOMR
740 337 802 403 3ss

129 438 242 498 mutatis
271 433 357 497 hodie
387 435 571 518 perseverant.
602 436 684 496 Vixit
716 456 805 494 annos

130 518 193 578 sexa
214 520 273 578 inta
299 517 399 588 duos3
425 515 527 577 dehinc
553 515 706 576 miserabili
732 519 806 574 exim

128 539 309 680 constmptus
324 597 386 668 est,
404 601 525 658 cruciatu
539 598 732 658 membrorum
749 592 808 656 fers

128 683 259 739 omnium
285 679 453 749 consessus,
477 681 506 738 in
528 677 643 738 tantum
656 697 687 738 ut
707 675 807 738 crebrb
845 741 849 748 ,

129 759 188 820 sese
210 758 435 819 interficiendum
456 758 642 819 ministrorum
666 757 807 818 fidissimis

129 862 246 922 precans
270 838 411 910 offerret,
437 861 492 910 ac,
517 861 552 898 ne
576 843 605 899 in
630 838 809 920 semetipsum

131 919 260 992 saeviret,
284 919 408 979 custoditi
426 923 630 980 carissimorum
651 919 809 980 servaretur.

173 1001 249 1060 XV.
271 1003 432 1062 Antoninus
451 1001 589 1071 Fulvius,
612 1001 660 1061 seu
676 1003 812 1079 Bojonius

134 1081 249 1152 diuus,
268 1081 363 1164 postei
382 1084 466 1142 etium
485 1083 549 1142 Pius
571 1104 604 1141 co
627 1087 811 1155 nominatus,

133 1165 285 1242 imperavit
302 1185 390 1223 annos
409 1165 511 1246 viginti
529 1182 591 1223 tres.
606 1104 668 1224 qste
689 1165 724 1224 ab
743 1163 810 1223 Ha-

135 1244 237 1304 driano
262 1248 291 1305 in
311 1243 401 1304 filium
426 1245 598 1338 adoptatus,
622 1251 699 1324 cujus
727 1266 813 1327 gener

134 1323 226 1386 stietat
239 1370 248 1396 ,
269 1346 353 1387 tantae
366 1327 500 1385 bonitatis
520 1329 550 1386 in
564 1327 720 1406 principatu
736 1325 813 1398 suit,

135 1427 167 1465 ut
181 1405 256 1466 haud
269 1407 354 1466 dubis.
367 1409 426 1465 sine
440 1407 569 1485 exemplo
582 1408 691 1466 vixerit.
705 1407 815 1483 Quam-

136 1491 259 1546 viseum
275 1489 379 1547 Numae
400 1488 548 1546 contulerit
570 1505 635 1545 aetas
655 1484 724 1556 sua,
749 1491 814 1548 tum

136 1567 235 1626 orbem
251 1587 326 1626 tetrae
345 1568 423 1625 nullo
442 1567 519 1624 bello
537 1585 585 1644 pet
603 1587 692 1625 annos
711 1568 815 1648 viginti

138 1667 191 1706 tres
208 1649 372 1706 audioritate
387 1644 447 1704 solii
464 1649 586 1716 rexerit,
608 1644 679 1706 adei)
693 1666 815 1707 tremen-

138 1729 213 1788 tibus
231 1748 297 1786 eum
317 1747 400 1806 atque
420 1727 578 1786 amantibus
599 1730 704 1787 cunstis
722 1727 814 1812 Regi-

139 1809 192 1868 bus
208 1805 423 1889 nationibusque
438 1817 465 1866 &
479 1807 609 1888 populis,
627 1827 657 1868 ut
673 1830 815 1889 parentem

141 1886 188 1948 seu
209 1909 358 1970 patronum
377 1891 468 1972 magis
487 1886 573 1970 quim
588 1890 741 1951 dominum
759 1895 816 1951 im-

140 1989 330 2050 peratoremve
356 1989 544 2051 reputarent,
578 1971 732 2053 omnesque
758 1995 816 2034 uno

140 2071 189 2110 ore
213 2054 242 2112 in
269 2050 419 2112 coelestium
445 2071 553 2110 morem
581 2055 732 2133 propitium
759 2075 816 2132 op-

141 2151 255 2200 tantes,
283 2134 317 2191 de
337 2134 529 2190 controversiis
549 2135 619 2190 inter
640 2132 667 2192 se
694 2132 818 2210 judicem

162 2209 295 2271 oscerent.
321 2211 403 2286 Quin
426 2213 511 2270 etiam
536 2211 624 2280 Indi,
652 2214 817 2284 BaCbtiani,

141 2233 271 2371 hyrcani
289 2293 397 2374 legatos
414 2294 535 2360 misere,
556 2291 659 2371 justiti&
679 2295 750 2353 tanti
768 2299 820 2354 im·

142 2374 278 2454 peratoris
300 2370 466 2453 comperta,
490 2393 576 2454 quam
601 2375 720 2434 ornabat
743 2376 822 2435 vultu

143 2451 213 2514 serie
227 2451 345 2532 pulchro
359 2499 369 2522 ,
385 2473 514 2533 procerus
529 2455 678 2526 membra,
694 2455 822 2515 decenter

145 2534 263 2592 validus.
293 2531 458 2614 Priusquam
487 2533 645 2596 salutandus
677 2535 821 2617 prodiret,

146 2611 294 2694 degustans
311 2615 389 2692 panis
410 2615 638 2693 aliquantulum,
661 2638 695 2676 ne
717 2615 752 2677 fti
774 2616 822 2676 es·

146 2712 227 2752 cente
249 2696 351 2752 circum
368 2695 519 2772 praecotdia
538 2717 586 2774 per
599 2701 735 2776 jejunium
754 2639 821 2758 san-

147 2776 258 2856 guine,
282 2774 387 2832 vitibus
408 2777 495 2834 exesis
517 2777 742 2856 interciperetur,
768 2799 821 2836 eo·
858 2848 862 2854 ,

147 2875 203 2934 que
222 2856 297 2914 aemi
321 2853 497 2935 publicorum
524 2857 642 2918 minime
666 2856 822 2930 sufficeret,

678 2937 707 2998 Ο
