<?xml version="1.0" encoding="UTF-8"?>
<!DOCTYPE html PUBLIC "-//W3C//DTD XHTML 1.0 Transitional//EN"
    "http://www.w3.org/TR/xhtml1/DTD/xhtml1-transitional.dtd">
<html xmlns="http://www.w3.org/1999/xhtml" xml:lang="en" lang="en">
 <head>
  <title>
</title>
<meta http-equiv="Content-Type" content="text/html;charset=utf-8" />
  <meta name='ocr-system' content='tesseract 3.04.00' />
  <meta name='ocr-capabilities' content='ocr_page ocr_carea ocr_par ocr_line ocrx_word'/>
</head>
<body>
  <div class='ocr_page' id='page_1' title='image "./eutropiisextaur00victgoog_0293.png"; bbox 0 0 2110 3666; ppageno 0'>
   <div class='ocr_carea' id='block_1_1' title="bbox 232 313 751 384">
    <p class='ocr_par' dir='ltr' id='par_1_1' title="bbox 232 313 751 384">
     <span class='ocr_line' id='line_1_1' title="bbox 232 313 751 384; baseline -0.004 0"><span class='ocrx_word' id='word_1_1' title='bbox 232 317 302 384; x_wconf 80' lang='lat'>286</span> <span class='ocrx_word' id='word_1_2' title='bbox 385 313 509 384; x_wconf 76' lang='lat' dir='ltr'>Aure.</span> <span class='ocrx_word' id='word_1_3' title='bbox 538 313 751 384; x_wconf 81' lang='lat' dir='ltr'>Vrcrou</span> 
     </span>
    </p>
   </div>
   <div class='ocr_carea' id='block_1_2' title="bbox 164 430 919 2949">
    <p class='ocr_par' dir='ltr' id='par_1_2' title="bbox 164 430 919 2949">
     <span class='ocr_line' id='line_1_2' title="bbox 228 430 911 516; baseline -0.006 -22"><span class='ocrx_word' id='word_1_4' title='bbox 228 437 282 494; x_wconf 90' lang='lat' dir='ltr'>rim</span> <span class='ocrx_word' id='word_1_5' title='bbox 312 433 412 494; x_wconf 84' lang='lat' dir='ltr'>Romae</span> <span class='ocrx_word' id='word_1_6' title='bbox 439 452 569 514; x_wconf 88' lang='lat' dir='ltr'>corrupto</span> <span class='ocrx_word' id='word_1_7' title='bbox 593 433 705 516; x_wconf 82' lang='lat' dir='ltr'>vulgo,</span> <span class='ocrx_word' id='word_1_8' title='bbox 730 431 814 491; x_wconf 85' lang='lat' dir='ltr'>simul</span> <span class='ocrx_word' id='word_1_9' title='bbox 837 430 911 491; x_wconf 82' lang='lat' dir='ltr'>Ma-</span> 
     </span>
     <span class='ocr_line' id='line_1_3' title="bbox 250 511 911 593; baseline -0.006 -17"><span class='ocrx_word' id='word_1_10' title='bbox 250 517 338 576; x_wconf 87' lang='lat' dir='ltr'>nentii</span> <span class='ocrx_word' id='word_1_11' title='bbox 364 516 432 575; x_wconf 93' lang='lat' dir='ltr'>odio</span> <span class='ocrx_word' id='word_1_12' title='bbox 462 515 644 574; x_wconf 85' lang='lat' dir='ltr'>Potentianus</span> <span class='ocrx_word' id='word_1_13' title='bbox 675 512 799 572; x_wconf 63' lang='lat' dir='ltr'>materni</span> <span class='ocrx_word' id='word_1_14' title='bbox 828 511 911 593; x_wconf 84' lang='lat' dir='ltr'>stirpe</span> 
     </span>
     <span class='ocr_line' id='line_1_4' title="bbox 228 536 909 676; baseline -0.001 -21"><span class='ocrx_word' id='word_1_15' title='bbox 228 536 328 656; x_wconf 62' lang='lat' dir='ltr'>ilario</span> <span class='ocrx_word' id='word_1_16' title='bbox 349 600 542 676; x_wconf 83' lang='lat' dir='ltr'>propinquus,</span> <span class='ocrx_word' id='word_1_17' title='bbox 563 593 634 655; x_wconf 83' lang='lat' dir='ltr'>caeso</span> <span class='ocrx_word' id='word_1_18' title='bbox 655 594 730 656; x_wconf 90' lang='lat' dir='ltr'>Urbi</span> <span class='ocrx_word' id='word_1_19' title='bbox 751 592 909 666; x_wconf 75' lang='lat' dir='ltr'>Praefeeto,</span> 
     </span>
     <span class='ocr_line' id='line_1_5' title="bbox 228 675 909 758; baseline -0.001 -23"><span class='ocrx_word' id='word_1_20' title='bbox 228 677 391 758; x_wconf 59' lang='lat' dir='ltr'>armataque</span> <span class='ocrx_word' id='word_1_21' title='bbox 430 677 599 736; x_wconf 80' lang='lat' dir='ltr'>ladiatorum</span> <span class='ocrx_word' id='word_1_22' title='bbox 620 697 727 746; x_wconf 84' lang='lat' dir='ltr'>manu,</span> <span class='ocrx_word' id='word_1_23' title='bbox 751 675 909 754; x_wconf 84' lang='lat' dir='ltr'>Imperator</span> 
     </span>
     <span class='ocr_line' id='line_1_6' title="bbox 164 697 911 840; baseline 0.003 -26"><span class='ocrx_word' id='word_1_24' title='bbox 164 809 166 814; x_wconf 85' lang='lat'><em>.</em></span> <span class='ocrx_word' id='word_1_25' title='bbox 228 756 269 816; x_wconf 87' lang='lat' dir='ltr'>fit.</span> <span class='ocrx_word' id='word_1_26' title='bbox 293 758 384 836; x_wconf 87' lang='lat' dir='ltr'>Cujus</span> <span class='ocrx_word' id='word_1_27' title='bbox 407 697 539 818; x_wconf 79' lang='lat' dir='ltr'>iiolidum</span> <span class='ocrx_word' id='word_1_28' title='bbox 561 759 706 840; x_wconf 84' lang='lat' dir='ltr'>ingenium</span> <span class='ocrx_word' id='word_1_29' title='bbox 733 755 805 816; x_wconf 79' lang='lat' dir='ltr'>adeo</span> <span class='ocrx_word' id='word_1_30' title='bbox 832 755 911 836; x_wconf 88' lang='lat' dir='ltr'>plebi</span> 
     </span>
     <span class='ocr_line' id='line_1_7' title="bbox 228 835 911 920; baseline -0.006 -20"><span class='ocrx_word' id='word_1_31' title='bbox 228 838 386 914; x_wconf 73' lang='lat' dir='ltr'>Romame,</span> <span class='ocrx_word' id='word_1_32' title='bbox 403 837 586 920; x_wconf 86' lang='lat' dir='ltr'>Patribusque</span> <span class='ocrx_word' id='word_1_33' title='bbox 600 841 686 897; x_wconf 85' lang='lat' dir='ltr'>exitio</span> <span class='ocrx_word' id='word_1_34' title='bbox 700 835 773 908; x_wconf 90' lang='lat' dir='ltr'>fuit,</span> <span class='ocrx_word' id='word_1_35' title='bbox 794 838 835 896; x_wconf 90' lang='lat' dir='ltr'>uti</span> <span class='ocrx_word' id='word_1_36' title='bbox 847 835 911 918; x_wconf 80' lang='lat' dir='ltr'>pas-</span> 
     </span>
     <span class='ocr_line' id='line_1_8' title="bbox 229 919 919 999; baseline -0.007 -19"><span class='ocrx_word' id='word_1_37' title='bbox 229 921 284 980; x_wconf 82' lang='lat' dir='ltr'>sim</span> <span class='ocrx_word' id='word_1_38' title='bbox 303 920 422 992; x_wconf 81' lang='lat' dir='ltr'>domus,</span> <span class='ocrx_word' id='word_1_39' title='bbox 443 919 525 991; x_wconf 84' lang='lat' dir='ltr'>fora,</span> <span class='ocrx_word' id='word_1_40' title='bbox 544 922 617 990; x_wconf 77' lang='lat' dir='ltr'>viat,</span> <span class='ocrx_word' id='word_1_41' title='bbox 637 919 797 999; x_wconf 83' lang='lat' dir='ltr'>templaque</span> <span class='ocrx_word' id='word_1_42' title='bbox 821 938 919 976; x_wconf 87' lang='lat' dir='ltr'>eruo-</span> 
     </span>
     <span class='ocr_line' id='line_1_9' title="bbox 228 997 910 1080; baseline 0 -20"><span class='ocrx_word' id='word_1_43' title='bbox 228 1021 277 1072; x_wconf 91' lang='lat' dir='ltr'>re,</span> <span class='ocrx_word' id='word_1_44' title='bbox 299 1024 332 1062; x_wconf 85' lang='lat' dir='ltr'>at</span> <span class='ocrx_word' id='word_1_45' title='bbox 349 1001 530 1061; x_wconf 85' lang='lat' dir='ltr'>cadaveribus</span> <span class='ocrx_word' id='word_1_46' title='bbox 548 1001 743 1080; x_wconf 86' lang='lat' dir='ltr'>opplerentur,</span> <span class='ocrx_word' id='word_1_47' title='bbox 764 997 910 1060; x_wconf 90' lang='lat' dir='ltr'>bustorum</span> 
     </span>
     <span class='ocr_line' id='line_1_10' title="bbox 229 1081 910 1163; baseline -0.004 -20"><span class='ocrx_word' id='word_1_48' title='bbox 229 1083 326 1144; x_wconf 90' lang='lat' dir='ltr'>modo.</span> <span class='ocrx_word' id='word_1_49' title='bbox 355 1082 458 1163; x_wconf 85' lang='lat' dir='ltr'>Neque</span> <span class='ocrx_word' id='word_1_50' title='bbox 480 1101 528 1162; x_wconf 89' lang='lat' dir='ltr'>per</span> <span class='ocrx_word' id='word_1_51' title='bbox 548 1103 612 1141; x_wconf 89' lang='lat' dir='ltr'>eum</span> <span class='ocrx_word' id='word_1_52' title='bbox 631 1081 763 1152; x_wconf 77' lang='lat' dir='ltr'><strong>tannim,</strong></span> <span class='ocrx_word' id='word_1_53' title='bbox 790 1101 910 1140; x_wconf 87' lang='lat' dir='ltr'>verum-</span> 
     </span>
     <span class='ocr_line' id='line_1_11' title="bbox 229 1163 912 1244; baseline -0.003 -21"><span class='ocrx_word' id='word_1_54' title='bbox 229 1166 314 1232; x_wconf 87' lang='lat' dir='ltr'>etiam</span> <span class='ocrx_word' id='word_1_55' title='bbox 334 1163 531 1224; x_wconf 85' lang='lat' dir='ltr'>advolantibus</span> <span class='ocrx_word' id='word_1_56' title='bbox 540 1164 753 1244; x_wconf 82' lang='lat' dir='ltr'>Magnentianis</span> <span class='ocrx_word' id='word_1_57' title='bbox 767 1205 776 1232; x_wconf 92' lang='lat'><strong>,</strong></span> <span class='ocrx_word' id='word_1_58' title='bbox 790 1163 840 1243; x_wconf 92' lang='lat' dir='ltr'>qui</span> <span class='ocrx_word' id='word_1_59' title='bbox 859 1165 912 1222; x_wconf 63' lang='lat' dir='ltr'>trie</span> 
     </span>
     <span class='ocr_line' id='line_1_12' title="bbox 228 1241 907 1323; baseline -0.003 -19"><span class='ocrx_word' id='word_1_60' title='bbox 228 1247 334 1304; x_wconf 78' lang='lat' dir='ltr'>cesimo</span> <span class='ocrx_word' id='word_1_61' title='bbox 344 1245 400 1303; x_wconf 87' lang='lat' dir='ltr'>die</span> <span class='ocrx_word' id='word_1_62' title='bbox 416 1291 424 1316; x_wconf 92' lang='lat'><strong><em>‚</em></strong></span> <span class='ocrx_word' id='word_1_63' title='bbox 439 1245 531 1304; x_wconf 90' lang='lat' dir='ltr'>triduo</span> <span class='ocrx_word' id='word_1_64' title='bbox 551 1246 660 1314; x_wconf 88' lang='lat' dir='ltr'>minus,</span> <span class='ocrx_word' id='word_1_65' title='bbox 673 1241 782 1302; x_wconf 88' lang='lat' dir='ltr'>hostem</span> <span class='ocrx_word' id='word_1_66' title='bbox 801 1263 907 1323; x_wconf 86' lang='lat' dir='ltr'>percu-</span> 
     </span>
     <span class='ocr_line' id='line_1_13' title="bbox 227 1323 907 1404; baseline -0.001 -21"><span class='ocrx_word' id='word_1_67' title='bbox 227 1325 324 1400; x_wconf 77' lang='lat' dir='ltr'>lerant.</span> <span class='ocrx_word' id='word_1_68' title='bbox 343 1325 398 1386; x_wconf 87' lang='lat' dir='ltr'>Sed</span> <span class='ocrx_word' id='word_1_69' title='bbox 418 1331 478 1404; x_wconf 82' lang='lat' dir='ltr'>jam</span> <span class='ocrx_word' id='word_1_70' title='bbox 498 1323 599 1396; x_wconf 70' lang='lat' dir='ltr'>antei,</span> <span class='ocrx_word' id='word_1_71' title='bbox 621 1323 685 1383; x_wconf 84' lang='lat' dir='ltr'>crim</span> <span class='ocrx_word' id='word_1_72' title='bbox 709 1325 813 1382; x_wconf 86' lang='lat' dir='ltr'>externi</span> <span class='ocrx_word' id='word_1_73' title='bbox 836 1338 907 1383; x_wconf 88' lang='lat' dir='ltr'>mo-</span> 
     </span>
     <span class='ocr_line' id='line_1_14' title="bbox 228 1403 911 1490; baseline 0.003 -26"><span class='ocrx_word' id='word_1_74' title='bbox 228 1425 272 1465; x_wconf 86' lang='lat' dir='ltr'>tus</span> <span class='ocrx_word' id='word_1_75' title='bbox 290 1405 530 1487; x_wconf 69' lang='lat' dir='ltr'>suspedtarentur,</span> <span class='ocrx_word' id='word_1_76' title='bbox 550 1407 734 1490; x_wconf 84' lang='lat' dir='ltr'>Magnentius</span> <span class='ocrx_word' id='word_1_77' title='bbox 752 1403 834 1465; x_wconf 87' lang='lat' dir='ltr'>fratri</span> <span class='ocrx_word' id='word_1_78' title='bbox 846 1405 911 1466; x_wconf 88' lang='lat' dir='ltr'>De-</span> 
     </span>
     <span class='ocr_line' id='line_1_15' title="bbox 228 1485 907 1558; baseline 0.001 -13"><span class='ocrx_word' id='word_1_79' title='bbox 228 1490 321 1546; x_wconf 91' lang='lat' dir='ltr'>centio</span> <span class='ocrx_word' id='word_1_80' title='bbox 349 1488 478 1558; x_wconf 80' lang='lat' dir='ltr'>Gallius,</span> <span class='ocrx_word' id='word_1_81' title='bbox 507 1485 690 1549; x_wconf 76' lang='lat' dir='ltr'>Constantius</span> <span class='ocrx_word' id='word_1_82' title='bbox 719 1486 829 1558; x_wconf 87' lang='lat' dir='ltr'>Gallo,</span> <span class='ocrx_word' id='word_1_83' title='bbox 852 1507 907 1546; x_wconf 90' lang='lat' dir='ltr'>cu-</span> 
     </span>
     <span class='ocr_line' id='line_1_16' title="bbox 226 1567 909 1648; baseline 0.001 -21"><span class='ocrx_word' id='word_1_84' title='bbox 226 1571 269 1648; x_wconf 82' lang='lat' dir='ltr'>jus</span> <span class='ocrx_word' id='word_1_85' title='bbox 282 1590 388 1629; x_wconf 86' lang='lat' dir='ltr'>nomen</span> <span class='ocrx_word' id='word_1_86' title='bbox 400 1568 451 1629; x_wconf 83' lang='lat' dir='ltr'>suo</span> <span class='ocrx_word' id='word_1_87' title='bbox 464 1589 638 1639; x_wconf 83' lang='lat' dir='ltr'>mutaverat,</span> <span class='ocrx_word' id='word_1_88' title='bbox 657 1568 823 1640; x_wconf 86' lang='lat' dir='ltr'>Orientem,</span> <span class='ocrx_word' id='word_1_89' title='bbox 838 1567 909 1628; x_wconf 86' lang='lat' dir='ltr'>Cae-</span> 
     </span>
     <span class='ocr_line' id='line_1_17' title="bbox 228 1645 907 1730; baseline -0.003 -20"><span class='ocrx_word' id='word_1_90' title='bbox 228 1645 334 1710; x_wconf 85' lang='lat' dir='ltr'>saribus</span> <span class='ocrx_word' id='word_1_91' title='bbox 355 1649 562 1711; x_wconf 83' lang='lat' dir='ltr'>commiserant.</span> <span class='ocrx_word' id='word_1_92' title='bbox 586 1650 643 1730; x_wconf 84' lang='lat' dir='ltr'>Ipsi</span> <span class='ocrx_word' id='word_1_93' title='bbox 663 1651 733 1708; x_wconf 88' lang='lat' dir='ltr'>inter</span> <span class='ocrx_word' id='word_1_94' title='bbox 758 1647 787 1708; x_wconf 88' lang='lat' dir='ltr'>se</span> <span class='ocrx_word' id='word_1_95' title='bbox 808 1651 907 1709; x_wconf 81' lang='lat' dir='ltr'>acrio·-</span> 
     </span>
     <span class='ocr_line' id='line_1_18' title="bbox 228 1730 908 1812; baseline 0.003 -23"><span class='ocrx_word' id='word_1_96' title='bbox 228 1730 306 1790; x_wconf 86' lang='lat' dir='ltr'>ribus</span> <span class='ocrx_word' id='word_1_97' title='bbox 322 1733 422 1812; x_wconf 74' lang='lat' dir='ltr'>preliis</span> <span class='ocrx_word' id='word_1_98' title='bbox 441 1752 487 1812; x_wconf 87' lang='lat' dir='ltr'>pet</span> <span class='ocrx_word' id='word_1_99' title='bbox 505 1733 657 1791; x_wconf 86' lang='lat' dir='ltr'>triennium</span> <span class='ocrx_word' id='word_1_100' title='bbox 682 1732 845 1812; x_wconf 81' lang='lat' dir='ltr'>congressi,</span> <span class='ocrx_word' id='word_1_101' title='bbox 869 1731 908 1791; x_wconf 87' lang='lat' dir='ltr'>ad</span> 
     </span>
     <span class='ocr_line' id='line_1_19' title="bbox 227 1808 908 1894; baseline 0.004 -25"><span class='ocrx_word' id='word_1_102' title='bbox 227 1831 382 1872; x_wconf 83' lang='lat' dir='ltr'>extremum</span> <span class='ocrx_word' id='word_1_103' title='bbox 404 1810 587 1873; x_wconf 78' lang='lat' dir='ltr'>Constantius</span> <span class='ocrx_word' id='word_1_104' title='bbox 608 1811 764 1894; x_wconf 85' lang='lat' dir='ltr'>fugientem</span> <span class='ocrx_word' id='word_1_105' title='bbox 786 1815 815 1871; x_wconf 90' lang='lat' dir='ltr'>in</span> <span class='ocrx_word' id='word_1_106' title='bbox 834 1808 908 1872; x_wconf 85' lang='lat' dir='ltr'>Gal-</span> 
     </span>
     <span class='ocr_line' id='line_1_20' title="bbox 227 1890 908 1992; baseline 0.003 -42"><span class='ocrx_word' id='word_1_107' title='bbox 227 1892 297 1961; x_wconf 85' lang='lat' dir='ltr'>liam</span> <span class='ocrx_word' id='word_1_108' title='bbox 315 1891 471 1972; x_wconf 87' lang='lat' dir='ltr'>persecums</span> <span class='ocrx_word' id='word_1_109' title='bbox 489 1897 567 1952; x_wconf 85' lang='lat' dir='ltr'>vario</span> <span class='ocrx_word' id='word_1_110' title='bbox 587 1895 687 1952; x_wconf 80' lang='lat' dir='ltr'>umbos</span> <span class='ocrx_word' id='word_1_111' title='bbox 706 1890 842 1992; x_wconf 51' lang='lat' dir='ltr'>supplicio</span> <span class='ocrx_word' id='word_1_112' title='bbox 862 1891 908 1952; x_wconf 86' lang='lat' dir='ltr'>se·</span> 
     </span>
     <span class='ocr_line' id='line_1_21' title="bbox 227 1971 908 2057; baseline 0.003 -26"><span class='ocrx_word' id='word_1_113' title='bbox 227 1992 287 2032; x_wconf 87' lang='lat' dir='ltr'>met</span> <span class='ocrx_word' id='word_1_114' title='bbox 308 1973 404 2057; x_wconf 84' lang='lat' dir='ltr'>adegit</span> <span class='ocrx_word' id='word_1_115' title='bbox 423 1971 584 2034; x_wconf 88' lang='lat' dir='ltr'>interficere.</span> <span class='ocrx_word' id='word_1_116' title='bbox 611 1975 649 2032; x_wconf 89' lang='lat' dir='ltr'>Et</span> <span class='ocrx_word' id='word_1_117' title='bbox 669 1975 773 2033; x_wconf 82' lang='lat' dir='ltr'>interea</span> <span class='ocrx_word' id='word_1_118' title='bbox 793 1973 908 2034; x_wconf 83' lang='lat' dir='ltr'>Judaeo-</span> 
     </span>
     <span class='ocr_line' id='line_1_22' title="bbox 226 2050 906 2136; baseline 0.003 -24"><span class='ocrx_word' id='word_1_119' title='bbox 226 2073 287 2112; x_wconf 90' lang='lat' dir='ltr'>rum</span> <span class='ocrx_word' id='word_1_120' title='bbox 306 2050 428 2124; x_wconf 89' lang='lat' dir='ltr'>seditio,</span> <span class='ocrx_word' id='word_1_121' title='bbox 448 2057 497 2136; x_wconf 92' lang='lat' dir='ltr'>qui</span> <span class='ocrx_word' id='word_1_122' title='bbox 515 2055 666 2116; x_wconf 84' lang='lat' dir='ltr'>Patricium</span> <span class='ocrx_word' id='word_1_123' title='bbox 686 2053 792 2114; x_wconf 72' lang='lat' dir='ltr'>nefarie</span> <span class='ocrx_word' id='word_1_124' title='bbox 812 2057 843 2115; x_wconf 91' lang='lat' dir='ltr'>in</span> <span class='ocrx_word' id='word_1_125' title='bbox 863 2077 906 2114; x_wconf 91' lang='lat' dir='ltr'>re-</span> 
     </span>
     <span class='ocr_line' id='line_1_23' title="bbox 227 2133 904 2217; baseline 0.003 -23"><span class='ocrx_word' id='word_1_126' title='bbox 227 2137 277 2217; x_wconf 89' lang='lat' dir='ltr'>gni</span> <span class='ocrx_word' id='word_1_127' title='bbox 304 2133 394 2216; x_wconf 87' lang='lat' dir='ltr'>specie</span> <span class='ocrx_word' id='word_1_128' title='bbox 420 2134 582 2196; x_wconf 81' lang='lat' dir='ltr'>sustulerant</span> <span class='ocrx_word' id='word_1_129' title='bbox 601 2155 622 2206; x_wconf 89' lang='lat'>,·</span> <span class='ocrx_word' id='word_1_130' title='bbox 642 2133 774 2216; x_wconf 71' lang='lat' dir='ltr'>oppressa.</span> <span class='ocrx_word' id='word_1_131' title='bbox 802 2135 904 2217; x_wconf 85' lang='lat' dir='ltr'>Neque</span> 
     </span>
     <span class='ocr_line' id='line_1_24' title="bbox 226 2213 906 2298; baseline 0.007 -24"><span class='ocrx_word' id='word_1_132' title='bbox 226 2216 317 2276; x_wconf 86' lang='lat' dir='ltr'>multo</span> <span class='ocrx_word' id='word_1_133' title='bbox 346 2216 407 2298; x_wconf 85' lang='lat' dir='ltr'>post</span> <span class='ocrx_word' id='word_1_134' title='bbox 432 2213 471 2277; x_wconf 81' lang='lat' dir='ltr'>ob</span> <span class='ocrx_word' id='word_1_135' title='bbox 499 2216 634 2278; x_wconf 79' lang='lat' dir='ltr'>saevitiam</span> <span class='ocrx_word' id='word_1_136' title='bbox 663 2236 747 2298; x_wconf 87' lang='lat' dir='ltr'>atque</span> <span class='ocrx_word' id='word_1_137' title='bbox 776 2219 906 2279; x_wconf 87' lang='lat' dir='ltr'>animum</span> 
     </span>
     <span class='ocr_line' id='line_1_25' title="bbox 225 2295 906 2383; baseline 0.007 -28"><span class='ocrx_word' id='word_1_138' title='bbox 225 2313 353 2368; x_wconf 85' lang='lat' dir='ltr'>trucem,</span> <span class='ocrx_word' id='word_1_139' title='bbox 375 2299 474 2360; x_wconf 81' lang='lat' dir='ltr'>Gallus</span> <span class='ocrx_word' id='word_1_140' title='bbox 494 2297 613 2383; x_wconf 86' lang='lat' dir='ltr'>Augusti</span> <span class='ocrx_word' id='word_1_141' title='bbox 632 2295 701 2376; x_wconf 82' lang='lat' dir='ltr'>juffu</span> <span class='ocrx_word' id='word_1_142' title='bbox 721 2299 836 2358; x_wconf 89' lang='lat' dir='ltr'>interiit.</span> <span class='ocrx_word' id='word_1_143' title='bbox 861 2299 906 2360; x_wconf 83' lang='lat' dir='ltr'>Ita</span> 
     </span>
     <span class='ocr_line' id='line_1_26' title="bbox 224 2375 903 2460; baseline 0.006 -24"><span class='ocrx_word' id='word_1_144' title='bbox 224 2375 314 2460; x_wconf 88' lang='lat' dir='ltr'>longo</span> <span class='ocrx_word' id='word_1_145' title='bbox 333 2381 479 2440; x_wconf 80' lang='lat' dir='ltr'>intervallo</span> <span class='ocrx_word' id='word_1_146' title='bbox 497 2401 602 2441; x_wconf 83' lang='lat' dir='ltr'>annum</span> <span class='ocrx_word' id='word_1_147' title='bbox 623 2377 682 2446; x_wconf 69' lang='lat' dir='ltr'>fere</span> <span class='ocrx_word' id='word_1_148' title='bbox 703 2378 765 2460; x_wconf 85' lang='lat' dir='ltr'>post</span> <span class='ocrx_word' id='word_1_149' title='bbox 788 2377 903 2459; x_wconf 88' lang='lat' dir='ltr'>septua-</span> 
     </span>
     <span class='ocr_line' id='line_1_27' title="bbox 224 2459 904 2598; baseline 0.004 -81"><span class='ocrx_word' id='word_1_150' title='bbox 224 2461 393 2598; x_wconf 82' lang='lat' dir='ltr'>gesimum,</span> <span class='ocrx_word' id='word_1_151' title='bbox 423 2463 510 2521; x_wconf 88' lang='lat' dir='ltr'>relata</span> <span class='ocrx_word' id='word_1_152' title='bbox 532 2460 567 2521; x_wconf 90' lang='lat' dir='ltr'>ad</span> <span class='ocrx_word' id='word_1_153' title='bbox 593 2482 680 2520; x_wconf 90' lang='lat' dir='ltr'>unum</span> <span class='ocrx_word' id='word_1_154' title='bbox 707 2482 775 2520; x_wconf 74' lang='lat' dir='ltr'>cura</span> <span class='ocrx_word' id='word_1_155' title='bbox 793 2459 904 2540; x_wconf 87' lang='lat' dir='ltr'>Reipu-</span> 
     </span>
     <span class='ocr_line' id='line_1_28' title="bbox 245 2539 903 2624; baseline 0.006 -26"><span class='ocrx_word' id='word_1_156' title='bbox 245 2539 313 2599; x_wconf 85' lang='lat' dir='ltr'>licae.</span> <span class='ocrx_word' id='word_1_157' title='bbox 341 2542 413 2618; x_wconf 83' lang='lat' dir='ltr'>Quae</span> <span class='ocrx_word' id='word_1_158' title='bbox 435 2563 528 2601; x_wconf 85' lang='lat' dir='ltr'>recens</span> <span class='ocrx_word' id='word_1_159' title='bbox 547 2545 641 2624; x_wconf 84' lang='lat' dir='ltr'>quieta</span> <span class='ocrx_word' id='word_1_160' title='bbox 665 2539 681 2600; x_wconf 68' lang='lat' dir='ltr'>*a</span> <span class='ocrx_word' id='word_1_161' title='bbox 709 2543 785 2602; x_wconf 84' lang='lat' dir='ltr'>civili</span> <span class='ocrx_word' id='word_1_162' title='bbox 812 2545 903 2622; x_wconf 90' lang='lat' dir='ltr'>trepi-</span> 
     </span>
     <span class='ocr_line' id='line_1_29' title="bbox 224 2619 902 2702; baseline 0.003 -24"><span class='ocrx_word' id='word_1_163' title='bbox 224 2619 367 2690; x_wconf 87' lang='lat' dir='ltr'>datione,</span> <span class='ocrx_word' id='word_1_164' title='bbox 396 2623 511 2681; x_wconf 86' lang='lat' dir='ltr'>Silvano</span> <span class='ocrx_word' id='word_1_165' title='bbox 541 2626 571 2682; x_wconf 89' lang='lat' dir='ltr'>in</span> <span class='ocrx_word' id='word_1_166' title='bbox 601 2623 754 2702; x_wconf 86' lang='lat' dir='ltr'>Imperium</span> <span class='ocrx_word' id='word_1_167' title='bbox 779 2625 902 2695; x_wconf 68' lang='lat' dir='ltr'>coacto,</span> 
     </span>
     <span class='ocr_line' id='line_1_30' title="bbox 223 2700 900 2786; baseline 0.006 -26"><span class='ocrx_word' id='word_1_168' title='bbox 223 2703 323 2760; x_wconf 86' lang='lat' dir='ltr'>tentati</span> <span class='ocrx_word' id='word_1_169' title='bbox 344 2700 433 2763; x_wconf 81' lang='lat' dir='ltr'>rursris</span> <span class='ocrx_word' id='word_1_170' title='bbox 453 2723 619 2784; x_wconf 77' lang='lat' dir='ltr'>occoeperat.</span> <span class='ocrx_word' id='word_1_171' title='bbox 641 2703 669 2762; x_wconf 89' lang='lat' dir='ltr'>Is</span> <span class='ocrx_word' id='word_1_172' title='bbox 690 2723 814 2786; x_wconf 86' lang='lat' dir='ltr'>namque</span> <span class='ocrx_word' id='word_1_173' title='bbox 839 2704 900 2764; x_wconf 89' lang='lat' dir='ltr'>Sil·</span> 
     </span>
     <span class='ocr_line' id='line_1_31' title="bbox 222 2783 900 2865; baseline 0.001 -23"><span class='ocrx_word' id='word_1_174' title='bbox 222 2802 309 2842; x_wconf 86' lang='lat' dir='ltr'>vanus</span> <span class='ocrx_word' id='word_1_175' title='bbox 328 2783 358 2842; x_wconf 88' lang='lat' dir='ltr'>in</span> <span class='ocrx_word' id='word_1_176' title='bbox 376 2783 472 2844; x_wconf 68' lang='lat' dir='ltr'>Gallie</span> <span class='ocrx_word' id='word_1_177' title='bbox 488 2803 563 2846; x_wconf 85' lang='lat' dir='ltr'>ortus</span> <span class='ocrx_word' id='word_1_178' title='bbox 581 2783 709 2844; x_wconf 77' lang='lat' dir='ltr'>Barbarie</span> <span class='ocrx_word' id='word_1_179' title='bbox 724 2784 900 2865; x_wconf 80' lang='lat' dir='ltr'>parentibus,</span> 
     </span>
     <span class='ocr_line' id='line_1_32' title="bbox 222 2861 902 2949; baseline 0.007 -28"><span class='ocrx_word' id='word_1_180' title='bbox 222 2861 322 2922; x_wconf 87' lang='lat' dir='ltr'>ordine</span> <span class='ocrx_word' id='word_1_181' title='bbox 353 2866 490 2938; x_wconf 70' lang='lat' dir='ltr'>militie,</span> <span class='ocrx_word' id='word_1_182' title='bbox 515 2867 598 2926; x_wconf 80' lang='lat' dir='ltr'>simui</span> <span class='ocrx_word' id='word_1_183' title='bbox 625 2862 641 2924; x_wconf 63' lang='lat' dir='ltr'>&#39;a</span> <span class='ocrx_word' id='word_1_184' title='bbox 669 2867 840 2949; x_wconf 81' lang='lat' dir='ltr'>Magnentio</span> <span class='ocrx_word' id='word_1_185' title='bbox 864 2865 902 2926; x_wconf 82' lang='lat' dir='ltr'>ad</span> 
     </span>
    </p>
   </div>
   <div class='ocr_carea' id='block_1_3' title="bbox 0 0 1060 3666">
    <p class='ocr_par' dir='ltr' id='par_1_3' title="bbox 0 0 1060 3666">
     <span class='ocr_line' id='line_1_33' title="bbox 0 0 1060 3666; baseline 0 1"><span class='ocrx_word' id='word_1_186' title='bbox 0 0 1060 3666; x_wconf 95' lang='lat' dir='ltr'> </span> 
     </span>
    </p>
   </div>
  </div>
 </body>
</html>
