2134 3668
238 217 301 302 158
353 211 480 282 Aua.
510 212 808 310 Vrcronrs¹
868 281 872 286 ,

235 333 439 414 separatimque
465 329 528 392 suos
548 333 783 412 appellaverunt,
807 331 919 394 Remus

235 415 367 485 Fabios,
400 415 538 473 Romulus
567 413 755 490 Quintilios,
789 415 918 494 quorum

234 515 384 577 utrumque
405 503 510 554 nomen
528 496 683 554 etiamnum
700 497 730 554 in
751 491 834 554 sacris
855 517 919 570 nara·¹

236 597 293 637 net.
312 579 351 636 At
367 573 436 636 verb
455 577 504 636 lib.
526 595 570 636 11.
589 573 798 634 Pontificalium
816 576 919 656 prodi-

232 677 302 727 tur,
324 653 418 717 millos
434 658 469 716 ab
485 656 625 726 Amulio,
644 659 693 737 qui
715 647 839 716 Remum
860 678 916 738 pe-

238 759 335 798 corum
353 735 491 818 pastorem
509 735 699 807 attraherent,
715 735 779 796 caim
795 759 853 798 nou
870 759 921 798 au-

234 820 337 879 derent
355 823 380 878 ei
395 823 454 879 vim
473 815 587 890 afferre,
602 834 792 900 opportunum
808 837 921 898 tempus

238 903 293 961 sibi
305 900 341 960 ad
356 899 544 961 insidiandum
555 903 673 971 nactos,
690 897 768 981 qubd
781 915 842 960 tum
855 897 920 960 Ro·-

240 983 332 1044 mulus
351 983 464 1054 aberat,
486 1003 572 1066 genus
587 979 660 1041 lusds
677 979 838 1050 simulallle,
857 984 921 1062 qui-

238 1085 307 1124 nam
333 1081 429 1123 eorum
444 1063 576 1122 manibus
591 1061 652 1142 post
670 1081 748 1145 terga
765 1063 858 1146 ligatis
881 1063 922 1122 la·

240 1146 357 1226 pidem,
374 1165 432 1226 quo
453 1144 517 1204 lana
541 1145 671 1224 pensitari
688 1142 818 1214 solebat,
835 1164 919 1203 mor-

241 1225 318 1286 dicds
343 1222 503 1296 sublatum,
520 1245 606 1306 quarn
625 1224 790 1320 longissime
812 1219 920 1304 perfer-

240 1325 284 1366 ret
300 1330 306 1363 :
321 1324 381 1364 tum
399 1305 523 1366 Remum
541 1303 644 1364 fiducia
660 1309 763 1366 vrrium
781 1308 811 1364 in
825 1307 923 1366 Aven-

240 1389 333 1446 tinum
360 1385 446 1468 usque
469 1385 499 1447 se
523 1387 692 1466 perlaturum
716 1385 766 1468 spo
786 1383 922 1462 ondille3

243 1468 309 1528 dein
321 1466 472 1549 postquam
487 1470 589 1528 vinciri
602 1466 629 1527 le
641 1465 729 1549 pallus
741 1408 799 1538 erl,
815 1467 923 1528 Albam

243 1547 420 1610 abstractum.
434 1548 523 1626 Quod
534 1545 681 1630 postquam
691 1549 833 1609 Romulus
845 1571 925 1622 conr·

244 1628 372 1713 petiiset,
390 1627 488 1690 coadlb
502 1628 644 1710 pastorum
663 1645 770 1699 manu,
789 1628 877 1712 edque
894 1633 925 1689 iu
998 1675 1001 1686 .

245 1733 378 1773 centenos
386 1709 515 1772 homines
525 1709 688 1784 distributi,
701 1715 816 1793 perticas
827 1711 922 1772 maniss

245 1795 318 1872 pulis
334 1793 404 1852 foeni
422 1792 500 1853 varie
518 1791 647 1852 formatis
663 1796 693 1852 in
709 1791 822 1852 surnmo
838 1796 923 1871 junc-

247 1892 311 1955 tas,
330 1870 456 1950 dedille,
476 1872 534 1954 qud
559 1874 669 1934 facilius
691 1894 724 1932 eo
744 1875 826 1955 signo
846 1871 926 1940 suum

247 1952 364 2036 quisque
389 1953 489 2014 ducem
512 1953 683 2036 sequeretur„
704 1953 790 2016 Unde
812 1952 924 2014 institu-

248 2054 331 2106 tum,
350 2055 380 2096 ut
417 2033 493 2097 ollea
508 2037 630 2108 milites,
648 2039 697 2116 qui
713 2033 835 2114 ejusdem
853 2037 927 2116 signi

250 2113 357 2190 ell'ent,
415 2118 567 2198 anipulares
592 2117 754 2177 dicerentur.
773 2116 870 2196 ltaque
891 2117 926 2174 ab

251 2218 285 2256 eo
308 2195 433 2280 opprell'o
453 2199 594 2270 Amulio,
615 2197 728 2256 fratrem
749 2197 868 2258 vinculis
889 2196 926 2255 li-

251 2282 401 2352 beratum,
421 2301 506 2340 avum
525 2301 613 2362 regno
631 2275 795 2338 restitutum.

292 2359 422 2420 XXIII.
444 2359 520 2422 Crlm
544 2363 560 2420 i'
575 2364 629 2419 itur
650 2364 720 2420 inter
744 2359 771 2420 se
791 2357 929 2418 Romulus

254 2449 280 2502 dt
304 2442 409 2502 Remus
435 2441 469 2500 de
493 2381 640 2502 condendd
665 2441 731 2499 urbe
754 2440 928 2508 trudlarenr,

254 2526 284 2582 in
295 2523 353 2606 'qul
367 2525 422 2604 ipsi
439 2525 542 2603 pariter
558 2541 724 2606 regnarent,
739 2512 930 2602 Romulusque

255 2605 368 2675 locum,
379 2606 428 2686 qui
438 2603 491 2664 sibi
501 2604 616 2664 idoneus
628 2603 783 2674 videretur,
796 2606 826 2663 in
836 2619 932 2671 monte

256 2684 385 2744 Palatino
407 2685 583 2768 designaret,
602 2686 782 2766 Romamque
802 2681 933 2764 appellari

257 2767 357 2827 vellet:
370 2786 521 2848 contraque
535 2769 603 2830 item
613 2765 718 2828 Remus
732 2771 762 2827 in
775 2765 831 2847 alio
847 2763 933 2846 colle,
