2142 3664
259 341 327 407 194
409 311 533 389 Aua.
562 315 778 388 Vtcroa

214 469 217 476 ·
294 431 415 498 XLIX.
438 435 553 497 Publius
577 435 702 516 Scipio,
729 458 764 495 ex
786 435 937 498 virtutibus

254 521 417 579 nominatus
430 516 596 588 Africanus,
612 517 693 578 lovis
707 514 780 578 filius
794 517 912 578 creditus
926 541 937 590 3

253 619 322 659 narn
350 617 502 679 antequam
532 599 743 678 conciperetur,
769 595 879 679 serpens
906 599 939 659 in

253 680 328 740 lecto
347 681 444 740 matris
464 681 522 738 e'us
540 681 668 760 apparuit
682 701 689 736 r
705 688 733 740 &
751 679 805 759 ipsi
839 679 939 738 arvulo

254 759 340 820 draco
364 763 469 820 circum
504 757 569 830 sus,
597 757 669 818 nihil
692 761 798 826 nocuit.
813 699 858 819 'ln
877 759 939 821 Ca-

253 843 388 922 pitolium
418 838 584 920 intempestai
609 844 692 900 nocte
719 859 831 900 euntem
858 861 936 900 nun-

248 943 342 1002 quam
356 942 438 982 canes
450 923 628 982 lactaverunt.
641 921 704 982 Nec
718 918 764 980 hic
799 919 938 1004 uidquam

253 1001 328 1083 priris
346 1005 450 1084 coepit,
465 1001 550 1084 qu‘am
562 1005 592 1062 in
608 1001 678 1062 cellit
688 1002 766 1062 Jovis
777 943 939 1065 liutissimi

253 1081 381 1158 ledisset,
400 1085 480 1166 quasi
498 1083 625 1145 divinam
641 1101 767 1142 mentem
782 1081 938 1164 accepillet.

253 1165 365 1224 Decem
384 1174 412 1226 &
426 1169 493 1225 osto
514 1185 654 1225 annorum
671 1183 778 1246 patrem
796 1164 871 1246 apud
883 1163 940 1224 Ti·

255 1248 353 1306 cinum
386 1247 521 1328 singulari
549 1247 652 1312 virtute
685 1242 812 1306 servarit.
845 1245 939 1307 Clade

253 1325 403 1388 Cannensi
430 1328 625 1386 nobilissimos
650 1331 797 1407 juvenes,
824 1325 939 1388 Italiam

254 1406 377 1468 deserere
403 1409 568 1486 cupientes,
589 1405 638 1467 sui
662 1409 825 1468 auctoritate
852 1428 938 1468 conr·

207 1509 210 1514 ·
274 1485 369 1549 escuit.
399 1487 545 1570 Reliquias
576 1487 732 1548 incolumes
765 1508 813 1567 per
845 1488 941 1550 media

297 1567 381 1630 stium
399 1567 487 1629 castra
500 1568 660 1630 Canusium
675 1567 812 1649 perduxit.
824 1567 942 1654 Viginti

255 1669 378 1733 quatuor
408 1671 549 1711 annorum
575 1649 681 1710 Praetor
707 1652 737 1710 in
769 1647 940 1731 Hispaniam

256 1729 351 1793 suillus
377 1777 387 1803 ,
412 1730 649 1816 Carthaginem,
676 1729 733 1811 qui
759 1729 804 1790 die
829 1734 939 1805 venit,

257 1816 340 1952 cppit.
363 1813 515 1896 Virginem
539 1809 777 1890 pulcherrimam,
802 1811 837 1871 ad
862 1815 940 1893 cujus

289 1915 307 1972 P

257 1914 275 1952 a
308 1897 401 1954 etium
422 1893 662 1964 concurrebatur,
682 1889 767 1952 adse
787 1895 876 1952 vetuit
893 1894 942 1953 ad·

257 1972 343 2042 duci,
358 1974 485 2054 patrique
496 1978 554 2052 ejus
570 1993 602 2032 ac
616 1971 720 2054 sponso
733 1970 836 2032 restitui
847 1975 939 2051 jussit.

256 2051 468 2114 Hasdrubalem
488 2055 724 2138 Magonemque,
748 2050 845 2113 fratres
861 2053 942 2116 Han-

258 2135 382 2206 nibalis,
399 2132 538 2214 Hispania
558 2137 672 2216 expulit.
690 2135 856 2194 Amicitiam
876 2156 941 2198 cum

259 2214 389 2355 Syphace
402 2215 571 2276 Maurorum
591 2235 658 2297 rege
676 2217 830 2294 conjunxit
842 2215 941 2276 Masi·

261 2317 292 2355 nr
315 2319 361 2356 arn
386 2299 416 2356 in
440 2294 602 2356 societatem
625 2298 736 2375 recepit.
759 2296 862 2356 Victor
882 2295 941 2356 do·

261 2397 342 2438 mum
355 2373 511 2459 tegrellus,
526 2373 638 2438 Consul
651 2396 715 2436 ante
728 2397 816 2435 annos
830 2375 943 2450 fastus,

261 2455 434 2518 concedente
448 2455 557 2540 collegi
570 2459 601 2517 in
609 2455 737 2517 Africam
752 2453 862 2516 claffem
876 2477 942 2518 tra-

262 2541 348 2678 tn
361 2535 943 2680 ‘titulatumrilint*

265 2637 389 2760 nibalcth
410 2639 557 2778 ingemuit.
579 2699 672 2760 Victis
691 2696 942 2782 Carthaginiensi·

266 2779 319 2838 bus
337 2778 412 2860 leges
431 2781 470 2838 im
512 2777 573 2838 suit.
591 2778 670 2839 Bello
683 2776 819 2840 Antiochi
833 2779 944 2862 legatus

268 2859 349 2920 fratri
372 2858 433 2920 fuit.
455 2799 579 2941 &iprum
606 2857 695 2924 filium
721 2862 808 2944 gratis
830 2863 942 2941 recepit.
