2134 3668
171 277 226 327 or
246 262 363 334 Vrnrs
381 279 666 331 irrueremus,
699 270 759 353 165

128 378 190 439 IV.
209 379 307 440 Tullus
320 377 477 449 Hostilius,
493 381 559 460 quia
573 379 679 440 bonam
693 403 764 461 ope·

88 481 149 518 ram
162 460 305 520 adversum
313 461 434 521 Sabinos
446 480 610 531 navavetat‚
620 461 680 520 Rex
691 483 767 522 crea-

90 559 158 611 tus,
178 541 282 601 bellum
301 542 420 601 Albanis
438 541 560 612 indixit,
579 542 656 622 quod
675 543 765 626 trige-

93 623 234 681 minorum
252 624 403 681 cettamine
417 620 516 682 finivit.
534 622 639 682 Albani
657 643 768 703 propter

91 701 237 782 perfidiam
261 703 338 762 ducis
360 703 445 762 Metii
468 701 570 761 Fufetii
595 703 686 762 diruit.
710 705 766 764 Al·
838 698 843 706 ¹

91 783 180 842 banos
192 783 318 841 Romam
336 785 449 842 transire
468 785 555 862 jussit.
571 783 689 844 Curiam
703 785 769 844 Ho-

92 861 195 922 stiliam
217 861 368 921 constituit.
395 863 528 922 Monrem
542 861 675 923 ‘Coelium
695 866 770 926 Urbi

93 943 212 1003 addidit.
223 943 266 1008 Et
278 943 345 1003 dum
359 943 487 1004 Numam
501 943 673 1022 Pompilium
687 943 772 1004 sacti·

94 1023 165 1084 ficiis
185 1025 333 1094 imitatur,
353 1024 419 1084 Jovi
433 1024 526 1086 Elicio
545 1025 624 1084 litate
642 1047 700 1084 non
714 1047 770 1105 po-

95 1107 149 1165 tuit
163 1151 174 1174 ,
194 1103 312 1164 fulmine
326 1106 396 1164 ictus
410 1126 474 1164 cum
488 1103 565 1187 regii
579 1107 771 1187 conflrgravit.

136 1183 214 1246 Ctlm
233 1187 303 1244 inter
315 1185 461 1246 Romanos
480 1195 506 1246 δι
521 1185 648 1246 Albanos
665 1188 771 1246 bellum

95 1263 188 1327 fuiffet
207 1285 355 1337 exortum,
375 1267 490 1326 ducibus
506 1265 630 1326 Hostilio
650 1267 774 1328 &Fufe-

97 1349 163 1418 tio,
187 1347 291 1426 placuit
306 1368 365 1406 rem
386 1369 538 1426 paucorum
559 1350 709 1408 certamine
734 1347 772 1407 fi-

97 1430 166 1488 nire.
187 1427 276 1488 Erant
295 1427 368 1507 apud
384 1427 531 1488 Romanos
548 1430 692 1510 trigemini
708 1430 775 1490 Hc-

98 1510 188 1578 tatii,
209 1527 261 1568 tres
282 1509 355 1588 apud
364 1509 492 1568 Albanos
509 1509 631 1570 Curiatii
646 1533 655 1579 3
674 1512 775 1590 quibus

100 1589 204 1660 ferdere
216 1591 274 1648 iero
285 1589 529 1659 concurrentibus,
544 1586 637 1648 statim
649 1589 705 1648 duo
718 1591 778 1650 Ru·

100 1689 252 1736 rnanorum
268 1669 444 1740 ceciderunt,
460 1689 512 1728 tres
524 1669 702 1732 Albanorum
717 1673 778 1730 vul-

100 1751 200 1810 nerati.
230 1751 312 1810 Unus
334 1749 469 1809 Horatius
493 1752 622 1890 tpuamvis
647 1753 778 1834 integer,

102 1833 171 1912 quia
187 1829 273 1890 tribus
292 1832 383 1910 impar
398 1849 479 1899 etat,
515 1851 600 1914 ugam
619 1833 779 1904 simulavit,
867 1831 870 1836 ’

101 1921 131 1972 8(
158 1911 282 1993 singulos
307 1931 354 1990 per
383 1911 554 1980 intervalla,
581 1929 611 1970 ut
633 1914 780 1986 vulnerum

103 1993 187 2052 dolor
218 1991 374 2062 oriebatur,
388 1991 564 2073 insequentes
581 1992 727 2053 interfecit.
742 1995 780 2054 Et

104 2072 169 2134 crim
190 2012 285 2131 loliis
303 2071 416 2132 onustus
435 2073 559 2142 rediret,
582 2071 705 2132 lotorem
722 2075 779 2136 ob-

103 2157 182 2220 viam
197 2094 295 2212 labuit
305 2198 314 2224 ‚
326 2174 387 2233 quae
397 2151 458 2211 viso
475 2152 674 2230 paludamento
688 2151 784 2232 sponsi

104 2233 171 2306 sui,
194 2235 242 2318 qui
255 2254 326 2292 unus
346 2254 378 2291 ex
392 2233 527 2293 Curiatiis
544 2251 624 2302 etat,
649 2235 712 2291 flete
726 2255 785 2294 ctr-

106 2317 157 2396 pit,
170 2316 263 2374 frater
273 2333 336 2372 eam
348 2313 459 2372 occidit.
474 2313 540 2390 Qud
552 2334 580 2372 re
592 2314 665 2392 apud
676 2315 787 2374 Duum-

107 2399 184 2456 viros
201 2394 422 2465 condemnatus,
442 2393 514 2474 apud
529 2396 665 2474 populum
680 2417 786 2473 provo-

110 2478 185 2536 cavit
196 2476 272 2546 subi
290 2477 373 2554 patris
391 2476 447 2534 laer
469 2477 521 2534 mis
541 2474 735 2546 condonatus,
750 2478 787 2536 ab

111 2579 147 2616 eo
173 2555 303 2634 expiandi
329 2555 418 2637 gratia
443 2497 494 2620 litb
519 2555 642 2637 tigillum
670 2557 762 2616 millus
776 2601 787 2630 ,

111 2636 190 2719 quod
209 2657 282 2695 nunc
303 2655 415 2714 quoque
438 2637 489 2695 viae
513 2633 720 2716 suppositum„
738 2637 790 2697 So·

111 2720 218 2782 rotium
236 2715 397 2796 appellatur.

154 2799 261 2860 Metius
282 2795 407 2862 Fufetius
428 2794 484 2870 dux
500 2795 701 2868 Albanorum,
726 2797 790 2866 etim
