2060 3662
277 336 460 406 LIBER
504 337 611 407 VII.
737 361 784 427 77

104 449 170 513 saris
184 451 302 537 Augusti
317 455 470 516 Obiuviani
482 502 494 526 ‚
518 455 725 536 Cleopatram,
744 476 784 516 re·

101 537 200 676 {inam
227 531 269 594 AE
311 538 374 616 pti,
407 537 500 613 duxit·
515 557 640 597 uxorem.
672 535 784 598 Contra

125 615 196 676 ersas
226 619 285 696 ipe
309 619 396 676 etiam
427 621 587 701 pugnavit3
612 619 709 699 primis
735 640 784 680 eos

99 699 202 778 praeliis
223 699 292 758 vicit
312 722 318 756 ι
338 699 495 782 regrediens
516 719 636 772 tamen,
658 696 735 758 fame
756 709 784 761 δι

100 777 256 858 pestilentia
281 779 448 840 laboravit:
470 790 497 840 &
518 827 527 852 ,
559 779 624 840 crim
652 779 785 842 instarent

100 858 199 920 Parthi
217 859 247 920 fu
270 861 362 932 ienti,
380 861 446 941 ipsis
463 882 513 942 pro
531 864 637 923 viliore
651 865 741 922 cessit.

141 941 224 1000 Vll.
278 943 304 1000 ic
321 963 434 1023 quoque
452 944 551 1025 ingens
566 943 673 1002 bellum
687 943 784 1004 Civile

101 1025 284 1094 commovit,
305 1042 425 1106 cogente
443 1044 528 1083 uxore
549 1023 724 1104 Cleopatrb,
741 1043 789 1084 re-·

101 1102 172 1184 gintl
197 1101 344 1188 AEgypri‚
378 1104 446 1164 dum
475 1104 627 1186 cupiditate
655 1105 786 1166 muliebri

101 1204 183 1264 optat
197 1187 283 1244 etiarn
297 1187 327 1246 in
340 1187 419 1259 Urbe
433 1207 556 1272 regnare.
570 1187 672 1246 Vibius
690 1185 729 1245 est
747 1188 784 1246 ab

102 1265 233 1360 Augusto
250 1269 345 1327 navali
358 1265 454 1351 pugni
467 1267 541 1328 clarit
554 1277 581 1330 ὅ(
599 1266 696 1328 illustri
708 1267 785 1348 apud

102 1347 243 1420 Aelium,
287 1351 316 1408 ui
337 1349 415 1410 locus
435 1352 465 1408 in
484 1349 572 1430 Epiro
591 1348 630 1408 est
646 1373 653 1406 t
670 1369 703 1408 ex
728 1347 786 1430 quei

102 1426 178 1512 fugit
203 1431 233 1488 in
251 1369 435 1512 AEgyptum
458 1440 485 1490 &
506 1429 654 1512 desperaris
676 1431 785 1500 rebus,

103 1509 167 1568 crim
188 1532 288 1571 omnes
305 1511 341 1570 ad
359 1509 518 1594 Augustum
534 1515 704 1582 transirent,
726 1510 786 1592 ipse

101 1589 131 1650 se
152 1595 320 1652 interemit:
338 1592 492 1672 Cleopatra
512 1594 566 1651 sibi
585 1591 711 1672 aspidem
729 1593 785 1652 ad-

101 1673 205 1742 misit,
225 1682 253 1732 &
268 1693 380 1732 veneno
398 1677 456 1752 ejus
476 1671 608 1732 exstineto
625 1671 672 1732 est.
689 1671 787 1756 AEgy-

121 1772 166 1812 tus
194 1774 244 1834 per
266 1753 459 1814 Ostavianum
485 1752 644 1838 Augustum
667 1755 786 1834 imperio

101 1773 240 1895 llomano
256 1835 364 1912 adjeCra
379 1833 441 1908 est,
461 1833 677 1916 praepositusque
687 1838 712 1894 ei
727 1835 786 1898 Cn.

102 1915 257 1978 Cornelius
272 1917 372 1977 Gallus
389 1941 395 1974 :
414 1913 488 1976 hunc
505 1919 627 1997 primum
641 1915 788 2002 AEgyptus

101 1995 269 2058 Romanum
287 1999 410 2077 judicem
429 1996 537 2059 habuit.
592 2017 594 2022 ·

142 2079 249 2140 Vlll.
271 2080 314 2140 lta
339 2081 419 2138 bellis
443 2099 505 2139 toto
531 2079 599 2138 orbe
625 2079 787 2152 confertis,
826 2103 835 2124 r

103 2159 282 2233 Oliavianus
299 2160 439 2244 Augustus
459 2161 585 2220 Romam
604 2159 686 2218 rediit
710 2160 787 2219 duo·
823 2225 826 2238 ³

104 2241 221 2302 decimo
238 2264 314 2301 anno
330 2241 479 2322 postquam
498 2239 610 2302 Consul
626 2239 723 2300 fuerat.
743 2241 789 2301 Ex

104 2343 139 2382 eo
155 2324 376 2404 Rempublicam
391 2344 439 2404 per
457 2321 644 2406 quadraginta
661 2331 688 2382 &
710 2344 787 2402 qua-

104 2421 167 2464 tuor
175 2427 272 2465 -annos
291 2403 365 2464 solus
384 2405 529 2464 obtinuit:
545 2407 698 2464 anteenim
715 2403 799 2463 duo-t

104 2484 200 2545 decim
223 2488 303 2546 annis
325 2507 390 2546 cum
409 2485 538 2546 Antonio
560 2485 716 2566 &Lepido
745 2493 789 2544 te-'

104 2587 213 2628 nuerat.
232 2566 276 2627 lea
288 2568 324 2627 ab
343 2567 426 2626 initio
443 2565 612 2648 principaris
630 2573 688 2647 ejus
702 2563 788 2647 usque

104 2647 142 2707 ad
166 2648 255 2709 finem
283 2647 557 2731 quinquaginta-sex
578 2650 646 2709 anni
666 2647 788 2708 fuerunt.

107 2729 192 2790 Obiit
213 2749 307 2790 autem
332 2750 446 2790 uxxvr.
468 2752 567 2802 anno,
587 2749 677 2789 morte
702 2749 788 2788 com·

106 2814 211 2882 muni,
232 2814 262 2872 in
283 2811 391 2892 oppido
408 2811 577 2892 Campaniae
597 2809 699 2872 Atelli.
722 2809 788 2870 Ro·
902 2845 903 2848 =

107 2911 161 2952 mae
187 2895 219 2954 in
240 2893 356 2976 Campo
381 2893 490 2956 Martio
512 2889 698 3037 sepffl3³.fst
719 2913 727 2952 ι
747 2890 790 2953 vir

637 2993 667 3053 111
