2060 3662
226 354 271 400 az
397 327 720 400 Euraorrr

226 446 342 510 densum
363 448 528 520 ordinavit,
552 451 602 531 qui
624 447 716 509 adhuc
740 467 787 528 pet
806 446 905 508 orbem

228 549 361 590 terrarum
384 532 550 614 incognitus
566 549 631 590 erat.
654 530 712 590 Sub
730 550 765 588 eo
786 527 906 600 Roma,

227 613 362 672 omnibus
382 613 412 671 in
431 610 544 672 censum
562 611 680 682 delatis,
702 608 801 670 habuit
823 613 905 690 capi-

228 713 288 752 tum
315 713 490 754 axxxrtr.
516 694 607 752 millia
625 693 730 752 civium
751 691 906 750 Romano-

226 795 315 854 rum,
337 795 399 832 cum
417 771 483 846 his,
503 776 597 855 quiin
617 775 691 855 agris
712 791 797 832 eraut.
821 771 910 832 Occi-

159 893 163 906 »
228 854 274 916 sus
291 852 330 913 est
344 875 432 914 xrv.
450 857 561 935 imperii
577 876 673 923 auno,
693 851 791 914 scelere
812 855 908 947 generi

227 935 272 998 sui
298 935 474 1017 Tarquinii,
501 934 551 994 filii
574 941 631 1010 ejus
655 936 751 1017 regis,
780 954 826 993 cur
848 932 909 1014 ipse

227 1015 413 1087 successerat,
437 1027 464 1078 δι
486 1015 548 1078 filiae
572 1015 650 1088 suae,
672 1037 759 1097 quam
783 1015 910 1098 Tarqui-

227 1102 291 1160 nius
310 1097 434 1159 habebat
450 1115 574 1158 uxorem.

270 1180 368 1240 VIII.
389 1181 492 1238 Lucius
504 1180 678 1260 Tarquinius
691 1177 848 1259 Superbus,
863 1175 909 1238 se-

229 1263 334 1343 ptimus
358 1279 442 1342 atque
468 1261 582 1320 ultimus
601 1260 737 1342 Regum,
758 1257 909 1330 Volscos,

230 1347 317 1424 (quae
339 1354 407 1424 gens
428 1341 465 1405 ad
489 1341 680 1422 Campaniam
699 1342 827 1400 euntibus
848 1349 911 1400 norr'

227 1424 316 1506 longe
336 1424 372 1482 ab
389 1423 468 1483 Urbe
485 1420 545 1497 est)
567 1423 659 1492 vicit3
680 1421 791 1482 Gabios
808 1423 911 1480 civita-

228 1523 309 1576 tem,
327 1513 355 1566 dt
372 1500 496 1566 Sueffam
513 1504 673 1562 Pometiam
692 1499 804 1584 subegit
817 1524 827 1572 3
842 1501 909 1561 cum

227 1583 331 1646 Tuscis
347 1607 444 1664 pacem
466 1583 555 1655 fecit3
577 1594 603 1646 δι
623 1583 776 1664 Templum
797 1583 863 1642 Iovi
877 1585 910 1645 in

221 1665 379 1748 Capitolio
403 1665 561 1728 aedificavit.
584 1663 683 1725 Postea
704 1664 828 1726 Ardeam
850 1684 907 1744 op·-

228 1769 267 1830 pu
289 1770 378 1818 nans,
406 1749 435 1807 iu
455 1751 558 1808 odavo
584 1747 695 1808 decimo
717 1747 851 1806 milliario
872 1745 909 1805 ab

230 1769 309 1891 Urbe
318 1830 440 1909 positam
450 1831 610 1898 civitatem,
619 1828 767 1906 imperium
780 1825 908 1906 perdidit.

169 1913 172 1920 ’
228 1909 310 1972 Nam
328 1907 391 1968 crim
413 1907 484 1968 filius
505 1913 585 1988 ejus,
612 1906 716 1988 &ipse
738 1908 909 1988 Tarquinius

228 1992 344 2072 junior,
359 1989 565 2049 nobilissimam
579 1988 728 2048 foeminam
739 1990 909 2060 Lucretiam,

229 2072 406 2152 eandemque
423 2071 659 2151 pudicissimam,
682 2067 822 2130 Collatini
843 2091 912 2128 uxo·

227 2174 314 2224 rem,
334 2149 494 2234 stuprdsset‚
511 2171 599 2233 eaque
618 2151 652 2212 de
668 2149 768 2228 injurii
783 2151 887 2210 marito
899 2199 911 2222 ,

228 2245 256 2295 &
275 2238 370 2314 patri,
391 2243 419 2295 &
440 2235 538 2294 amicis
555 2232 650 2314 questa
666 2229 778 2303 fuisset,
795 2234 826 2290 in
845 2253 912 2290 om-

228 2317 312 2376 nium
332 2313 483 2394 conspediu
502 2313 531 2373 se
546 2315 661 2373 occidit.
684 2314 799 2389 Propter
822 2333 911 2392 quam

228 2395 345 2456 causam'
365 2397 483 2465 Brutus,
504 2403 602 2474 parens
620 2402 646 2452 ds
664 2391 722 2472 ipse
738 2391 912 2471 Tarquinii,

230 2478 367 2558 populum
389 2476 562 2543 concitavit,
582 2482 609 2533 δι
627 2472 786 2554 Tarquinio
804 2471 913 2536 ademit

229 2560 391 2638 Imperium.
422 2557 496 2615 Mox
519 2555 651 2614 exercitus
678 2573 791 2636 quoque
817 2574 912 2627 eum,

145 2709 147 2715 ¹
229 2642 281 2720 qui
300 2639 443 2698 cIvitatem
460 2634 584 2696 Ardeam
605 2656 670 2694 cum
688 2633 750 2716 ipso
769 2655 834 2718 rege
855 2658 910 2715 op-

194 2739 195 2743 ’
230 2719 376 2802 pugnabat
390 2765 400 2788 ‚
420 2716 533 2798 reliquit
547 2739 554 2773 t
569 2714 738 2799 veniensque
751 2715 787 2776 ad
800 2717 911 2778 Urbem

231 2821 299 2869 rex,
321 2801 406 2880 portis
422 2799 541 2868 clausis,
562 2797 686 2858 exclusus
706 2796 752 2858 elb
777 2796 912 2879 Ctimqu'e

232 2879 387 2960 impetddet
412 2901 502 2951 annos
530 2881 632 2961 viginti
661 2881 819 2965 quinque,
846 2899 912 2942 euru

233 2982 319 3024 uxore
336 2971 362 3026 &
381 2961 474 3027 libetis
489 2958 544 3024 suis
564 2959 646 3048 fugit.
