2134 3668
332 341 473 411 tra-a
490 363 515 414 rt
550 345 592 412 Χ.
736 363 798 435 1¹5

121 460 152 520 in
178 456 258 518 Villd
285 459 402 521 Publica
427 463 615 534 morabatur,
640 459 801 557 Augustum

110 561 358 622 nuncupaverunt.
383 543 452 620 Quo
475 547 579 604 nuncio
607 544 804 606 Maximianus

120 619 268 683 Herculius
286 623 322 683 ad
341 623 419 704 spem
444 629 548 685 eredlus
567 624 726 686 resumendi
744 623 805 685 fas·

121 706 205 786 tigii,
222 705 300 786 quod
322 707 425 768 invitus
442 705 592 776 amiserat,
612 707 737 766 Romam
751 707 804 766 ad·

121 787 230 845 volavit
253 784 268 844 ὲ
290 786 437 858 Lucania,
460 807 548 868 quam
566 785 660 848 sedem
682 791 804 868 privatus

119 867 268 950 elegerat,
289 869 319 926 in
339 871 413 951 agris
431 871 628 929 amoenissimis
649 867 802 928 consenes-

121 968 209 1017 cens3
231 948 501 1030 Diocletianumque
527 951 613 1008 etiam
633 970 681 1030 per
699 950 805 1010 litteras

122 1027 288 1088 adhortatus
317 1027 381 1100 est,
408 1049 438 1088 ut
473 1031 629 1109 depositam
655 1029 806 1091 resumeret

120 1107 288 1191 potestatem
310 1133 317 1168 r
339 1131 408 1192 quas
428 1111 476 1169 ille
501 1113 589 1171 irritas
617 1109 724 1170 habuit.
751 1111 806 1172 Sed

120 1189 268 1250 adverstim
296 1212 408 1250 motum
447 1193 682 1251 Praetorianorum
718 1209 803 1272 atque

121 1262 286 1344 Maxentii,
307 1274 423 1334 Severus
442 1270 538 1334 Caesar
557 1273 683 1332 Romam
705 1270 801 1334 missus
884 1302 886 1308 ·

122 1350 140 1412 *a
159 1353 296 1425 Galerio,
317 1375 380 1414 cum
396 1357 516 1414 exercitu
533 1355 631 1426 venit,
654 1352 803 1414 obsidens-

145 1455 178 1492 ue
198 1434 330 1507 Urbem,
352 1435 476 1495 militum
495 1433 608 1508 suorum
627 1433 728 1495 scelere
747 1434 800 1495 de·

122 1456 209 1576 iertus
229 1514 276 1576 est.

162 1595 227 1656 III.
250 1597 347 1656 Auuae
367 1596 518 1656 Maxentio
538 1616 625 1677 opes,
646 1593 801 1657 confirma·

120 1695 241 1758 uimque
263 1677 421 1755 imperium.
444 1677 557 1738 Severus
583 1676 716 1760 fugiens,
739 1677 802 1736 Ra·

122 1779 223 1819 vennae
236 1757 396 1818 interfedlus
407 1755 453 1817 est.
469 1757 616 1818 Herculius
631 1777 726 1817 tamen
739 1757 806 1819 Ma·

119 1841 264 1900 ximianus
275 1885 286 1912 ,
303 1837 364 1919 post
383 1834 440 1900 hec
459 1841 489 1899 in
511 1842 647 1899 concione
668 1837 802 1900 exercitus

121 1921 214 1981 filium
233 1921 413 1982 Maxentium
437 1920 542 1980 nudare
563 1941 700 1992 conatus,
722 1919 800 1981 sedi·
848 1933 849 1936 ’

121 2005 232 2063 tionem
253 2012 280 2064 δι
299 2003 427 2062 convicia
446 2003 570 2063 militum
587 2003 660 2063 tulit.
682 2002 750 2064 lnde
765 2001 802 2064 ad

122 2085 233 2148 Gallias
259 2081 398 2164 profectus
425 2081 493 2155 est,
522 2085 590 2144 dolo
618 2086 801 2163 composito,

121 2185 259 2246 tanquam
276 2163 293 2224 ὲ
312 2162 372 2241 filio
391 2161 456 2223 ess'et
478 2163 626 2244 expulsus,
648 2183 679 2222 ut
699 2161 800 2224 Cons-

120 2249 234 2307 tantino
255 2266 358 2328 genero
371 2251 552 2327 jungeretur3
568 2245 689 2303 moliens
708 2263 803 2304 tamen

122 2326 345 2389 Constantinum
365 2323 471 2406 reperti
488 2327 636 2385 occasione
656 2323 800 2384 interfice·

120 2430 170 2481 re,
191 2411 241 2491 qui
256 2408 286 2467 in
306 2407 447 2468 Galliis&
462 2408 585 2467 militum
599 2415 626 2467 &
643 2409 803 2486 provincia-

118 2491 193 2550 lium
219 2492 327 2574 ingenti
346 2495 405 2566 jam
432 2487 528 2548 favore
549 2488 706 2572 regnabat,
728 2489 803 2548 caesis

120 2572 238 2632 Francis
261 2589 344 2651 atque
370 2567 722 2668 Alamannisscaptilgue
747 2590 801 2628 eo-

121 2675 185 2713 rum
199 2653 312 2737 regibus
332 2671 403 2732 quos
419 2655 505 2712 etiam
524 2650 635 2722 bestiis,
660 2671 723 2710 curn
738 2671 803 2709 ma-

123 2732 262 2817 gnificum
273 2732 461 2812 spedlaculum
472 2735 593 2792 muneris
603 2728 737 2812 pardllet,
752 2730 805 2789 ob·

121 2817 198 2896 jecit.
212 2815 339 2876 Detestis
350 2815 436 2897 igitur
447 2813 555 2874 insidiis
568 2833 616 2894 per
626 2810 757 2886 Fatdlam
768 2809 804 2869 li-

123 2898 210 2970 liam,
219 2919 280 2980 quae
290 2895 388 2956 dolum
398 2896 460 2957 viro
471 2897 667 2966 nunciaverat,
677 2891 805 2977 profugit
