2060 3662
207 287 226 308 ⁸
306 313 575 387 LtuauV.
653 353 654 356 ¹
733 335 777 407 57

97 433 236 518 Pompeio
248 457 255 493 t
267 435 392 495 maxime
402 453 497 494 tamen
510 431 526 493 i
539 434 628 494 Lucio
638 431 778 495 Cornelio

98 517 196 600 Sylla,
215 519 265 600 qui
284 519 356 576 inter
375 517 431 575 alia
449 517 581 599 egregia,
604 513 643 574 it‘a
667 515 778 576 Cluen-

97 601 190 670 tium,
208 597 330 658 hostium
349 598 470 668 ducem,
485 617 549 656 cum
561 597 675 677 magnis
686 599 777 676 copiis

98 677 193 750 fudit,
221 697 253 738 ut
275 699 308 738 ex
328 676 382 738 suis
402 697 489 736 unum
514 679 662 737 amitteret.
688 677 780 756 Qua·

98 759 246 831 driennio,
256 781 321 819 cum
332 761 412 842 gravi
425 777 521 818 tamen
533 759 710 830 calamitate,
720 755 778 818 hoc

99 840 206 900 bellum
226 843 344 900 uastum
366 837 413 897 est.
434 839 546 916 Quinto
564 837 678 898 demum
700 859 778 900 anno

98 919 187 980 finem
206 941 271 979 acce
291 923 313 979 it
332 939 379 1000 pet
392 919 511 978 Lucium
526 915 693 980 Cornelium
707 920 778 1000 syl*-

98 1002 159 1060 lam
192 942 371 1070 Coniui'em,
405 997 469 1058 etim
498 1019 580 1059 antea
608 1001 638 1058 in
675 1000 778 1060 eodem

99 1083 178 1141 bello
209 1084 268 1164 ipse
300 1081 388 1141 multa
426 1079 564 1152 strenue,
598 1077 647 1140 sed
676 1081 779 1142 Ptaetot

99 1160 206 1247 egisset.

111 1252 120 1262 “
142 1245 202 1304 IV.
223 1243 309 1305 Anno
336 1239 425 1307 Urbis
455 1241 575 1304 conditae
603 1243 779 1306 octxti.

99 1323 223 1406 ptimtim
248 1325 348 1386 Romae
371 1325 478 1385 bellum
499 1324 580 1385 civile
600 1345 779 1386 commotum

99 1403 142 1464 est
166 1429 173 1466 ε
196 1405 296 1466 eodem
319 1428 395 1466 anno
426 1407 510 1465 etiam
539 1403 777 1468 Mithridaticum.

98 1484 228 1548 Causam
242 1487 317 1546 bello
331 1488 409 1546 civiii
424 1487 462 1548 C.
473 1487 583 1546 Marius
597 1485 683 1546 sexies
699 1485 780 1548 Con·

100 1566 144 1626 sul
163 1567 249 1626 dedit.
271 1568 349 1628 Nam
369 1565 434 1625 etim
453 1567 531 1648 Sylla
551 1566 663 1628 Consul
681 1585 780 1629 contra

97 1645 300 1709 Mithridatem
323 1645 444 1729 gestums
461 1647 588 1718 bellum,
613 1649 663 1728 qui
681 1650 782 1708 Asiam

98 1738 132 1789 δι
145 1723 286 1789 Achaiam
300 1745 500 1809 occupaverat,
518 1729 669 1786 mitteretur
680 1751 690 1799 3
703 1727 784 1810 isque

98 1807 255 1869 exercitum
272 1811 301 1869 in
322 1808 484 1890 Campania
502 1807 640 1889 paulisper
657 1829 782 1882 teneret,

98 1907 135 1951 ut
150 1889 219 1950 beui
233 1891 369 1962 socialis,
384 1897 397 1962 (
417 1890 451 1948 de
465 1911 522 1972 quo
541 1891 684 1966 diximus)
703 1891 789 1974 quod,

98 1973 177 2031 intra
196 1971 308 2032 Italiam
328 1970 436 2054 gestum
454 1969 565 2044 fuerat,
581 1973 703 2054 reliquia·
724 1973 785 2032 tol-

99 2054 244 2124 letentut;
275 2053 384 2112 Marius
410 2049 577 2124 affimavit,
605 2073 635 2114 ut
662 2052 720 2133 ipse
745 2053 783 2114 ad

88 2133 210 2210 -bellum
228 2131 458 2193 Mithridaticum
481 2135 643 2194 mitteretur.
669 2132 736 2210 Qui
754 2155 786 2194 te

99 2215 182 2294 Sylla
196 2233 376 2284 commotus,
395 2235 459 2273 cum
479 2217 599 2273 exercitu
618 2214 654 2274 ad
672 2215 784 2276 Urbem

99 2297 191 2356 venit.
217 2294 279 2354 luic
304 2313 400 2355 contra
424 2295 551 2355 Marium
577 2296 784 2376 &Sulpicium

101 2377 271 2446 dimicavit3
288 2377 394 2456 primus
407 2377 508 2436 urbem
522 2376 646 2446 Romam
663 2395 787 2440 armatus

101 2454 239 2541 ingressus
251 2455 290 2515 est
297 2479 307 2528 3
323 2457 478 2538 Sulpicium
490 2457 645 2528 interfecii,
657 2459 786 2518 Matium

102 2539 217 2622 fugavit
245 2559 252 2594 ε
281 2557 367 2619 atque
391 2537 430 2598 ita
452 2536 624 2598 Consulibus
649 2539 786 2599 ordinatis

101 2622 136 2678 in
158 2617 282 2678 fututum
302 2623 430 2690 annum,
455 2617 512 2680 Cn.
532 2618 679 2688 Οᾶεινὶο,
701 2629 728 2679 &
742 2621 785 2680 IL.

103 2700 246 2761 Cornelio
271 2699 387 2770 Cinni‚
407 2699 442 2758 ad
460 2701 559 2758 Asiam
578 2698 716 2778 profestus
738 2700 786 2760 est.

147 2781 187 2840 V.
200 2777 382 2840 Mithridates
391 2781 482 2850 enim,
494 2782 544 2860 qui
554 2779 639 2840 Ponti
651 2801 697 2852 rex
710 2800 786 2851 etat,

103 2881 193 2945 atque
206 2863 372 2932 Armeniam
387 2861 549 2931 Minorem,
562 2869 588 2922 ὅτ
600 2879 693 2920 totum
704 2861 784 2922 Pon·-

597 2940 665 3008 Cv
