2060 3662
309 335 635 408 LIBERVII.
724 356 806 423 '79
889 434 890 438 Ἰ

145 530 148 535 ,
169 454 206 520 X.
228 455 358 540 Scythae,
381 457 510 529 alnei,
531 457 632 538 quibus
650 477 732 520 antea
745 457 809 524 Βοὴ

127 557 276 601 manorum
295 561 401 601 nomen
418 541 595 622 incognitum
611 538 723 610 fuerat,
741 560 806 600 mu·

125 643 192 683 neta
211 623 239 683 δ’(
259 623 284 683 le
306 639 367 681 atos
383 619 420 680 ad
438 641 502 679 eum
523 619 667 680 miserunt.
690 620 809 682 Galatia

125 723 240 784 quoque
259 643 310 763 sub
331 697 387 761 hbe
404 698 548 782 provincia
566 700 642 762 facia
660 701 718 772 est,
743 700 809 764 crim

125 805 210 844 antea
227 803 347 868 regnum
365 778 480 854 fuiffet3
522 780 664 864 rimasque
677 804 741 844 eam
760 784 809 846 M.

125 865 238 926 Lollius
260 886 310 946 pro
333 864 451 923 Praetote
472 885 489 923 a
510 862 685 945 ministravit.
708 863 808 926 Tanto

125 965 222 1006 autem
247 960 344 1006 amore
365 946 451 1004 etiam
479 944 552 1025 apud
578 945 710 1006 barbatos
731 945 810 1019 fuit,

126 1046 159 1086 ut
174 1047 274 1110 reges,
294 1026 391 1106 populi
404 1025 529 1085 Romani
546 1027 654 1096 amici,
670 1029 700 1086 in
717 1025 811 1087 hono-

126 1128 188 1167 rem
206 1112 265 1187 ejus
283 1105 434 1167 conderent
451 1107 577 1166 civitates
589 1124 688 1247 ‚Npum
705 1105 809 1168 Caesa-

126 1209 188 1248 reas
208 1190 388 1248 nominarent
410 1209 417 1244 :
440 1189 511 1246 sicut
540 1189 569 1247 in
634 1187 809 1250 auritaniid

126 1290 192 1329 ree
222 1267 318 1339 Jub33
342 1277 370 1328 &
395 1269 425 1328 in
448 1265 617 1340 Palaestini,
643 1285 705 1350 quae
733 1287 809 1330 nunc

127 1291 193 1410 urbs
209 1348 247 1426 est
266 1350 429 1410 clarissima.
449 1349 538 1408 Multi
560 1369 654 1410 autem
676 1371 754 1434 reges
776 1373 811 1412 ex
846 1414 849 1415 γ

127 1433 221 1515 regnis
239 1428 462 1501 subvenerunt,
483 1450 513 1490 ut
527 1432 552 1488 ei
569 1429 788 1512 obsequerentur
802 1457 810 1491 t

115 1521 157 1572 ’δι
174 1511 273 1572 babitu
286 1512 441 1583 Romano,
460 1513 552 1594 togati
567 1510 673 1572 scilicet
686 1559 695 1584 ‚
707 1514 751 1587 ad
764 1535 813 1574 ve·
873 1525 884 1539 ”

128 1590 255 1654 hiculum
268 1594 314 1655 vel
327 1613 432 1676 equum
446 1594 531 1671 ipsius
545 1614 728 1654 cucurrerunt.
743 1595 813 1655 Mo·

128 1677 203 1735 tiens
226 1675 319 1734 Divus
342 1673 497 1752 appellatus
520 1670 567 1733 est.
591 1670 811 1754 Rempubiicam

128 1755 323 1815 beatissimam
348 1753 473 1814 Tiberio
495 1750 645 1815 succeffore
676 1756 812 1837 reliquit:

129 1837 183 1918 qui
206 1837 349 1919 privignus
372 1837 422 1906 ei,
444 1855 513 1898 mox
536 1841 652 1920 genet,'
670 1835 812 1918 postremd

129 1916 285 1996 adoptione
304 1915 376 1976 filius
394 1913 493 1976 Fuerat.

173 1998 230 2059 XI.
252 1998 382 2058 Tiberius
393 1999 503 2081 ingenti
520 1995 650 2060 socordii
661 2001 813 2081 imperium

130 2082 238 2164 gessit,
255 2081 334 2162 gravi
347 2080 528 2152 crudelitate,
548 2078 660 2141 scelesti
673 2080 814 2157 avaritia,

129 2163 207 2242 turpi
224 2161 363 2232 libidine3
385 2182 453 2220 uam
466 2159 606 2243 nusquam
624 2161 683 2242 ipse
701 2160 812 2246 pugna-

130 2243 174 2301 vit
194 2265 201 2300 t
221 2241 296 2302 bella
312 2262 360 2321 per
378 2242 487 2324 legatos
501 2241 565 2302 suos
604 2244 694 2302 essit:
720 2239 812 2325 quos-

130 2323 200 2384 dam
215 2343 314 2405 reges,
335 2341 382 2402 pet
394 2321 546 2385 blanditias
560 2262 603 2383 ad
613 2321 641 2384 se
659 2339 814 2400 evocatos,

130 2425 280 2485 nunquam
307 2404 437 2474 remisit3
463 2404 493 2462 in
516 2404 617 2486 quibus
642 2403 814 2469 Archelaum

131 2484 361 2565 Cappadocem,
382 2490 458 2565 cujus
473 2487 558 2545 etiam
572 2507 690 2570 regnum
704 2490 734 2547 in
747 2509 815 2569 pro·
858 2530 861 2548 .

131 2568 233 2626 vincia
248 2565 373 2629 formam
392 2566 522 2649 redegit,
546 2577 573 2628 δι
590 2570 746 2629 maximam
767 2571 812 2628 ci-

132 2649 251 2708 vitatem
270 2669 287 2706 a
308 2646 404 2727 paliari
423 2643 473 2706 suo
492 2651 609 2708 nomine
628 2651 729 2726 jussit,
752 2670 814 2730 quae

132 2751 209 2789 nunc
229 2667 358 2789 Caedarea
382 2726 504 2800 dicitur,
530 2728 594 2788 crim
615 2731 739 2790 Mazaca
758 2751 815 2790 an-

133 2828 180 2870 tea
194 2828 348 2870 vocaretur.
370 2806 428 2867 Hic
448 2811 529 2869 tertio
548 2819 575 2871 δι
591 2812 732 2893 vigesimo
753 2812 814 2871 im·

133 2893 206 2977 perii
224 2913 318 2967 anno,
333 2891 420 2954 atatis
438 2893 731 2974 uxxv111.mgenti
750 2912 816 2954 om·

614 2970 695 3034 Div
