2142 3664
237 305 308 359 Μ
337 290 675 362 casumve.
727 313 796 381 239
879 267 880 270 Ἴ

121 409 167 472 seu
182 410 288 470 militiae
305 413 462 493 reperietur.
475 411 590 492 Quippe
608 411 731 491 primus,
750 430 800 471 aut

122 490 194 552 solus
219 495 304 552 etiam
329 495 400 554 uites
428 493 574 554 Romanas
600 512 675 552 trans
699 490 800 552 Istrum

122 575 306 656 propagavit,
325 574 441 635 domitis
460 577 490 636 in
509 575 684 655 provinciam
702 575 801 633 Daco-

122 675 181 714 tum
204 655 314 735 pileatis
331 651 467 736 Sacisque'
491 655 680 726 nationibus,
707 656 799 716 Deci-

123 735 187 796 balo
207 755 274 818 tege
295 757 327 794 ac
347 735 524 808 Sardonios3
548 737 631 796 simul
650 736 686 796 ad
707 756 802 796 ortum

123 817 197 876 Solis
215 819 321 876 cunuae
345 836 464 900 gentes,
487 838 547 897 quae
564 819 636 876 inter
652 817 755 877 Indum
775 827 803 878 dc

123 893 297 976 Euphratem
314 918 411 958 amnes
428 897 547 978 inclytos
564 896 651 968 sunt,
669 895 804 958 concussae

124 977 225 1050 bello,
256 998 340 1060 atque
364 981 493 1059 imperati
520 979 632 1040 obsides
658 977 805 1038 Persarum

124 1057 199 1142 Regi
214 1087 226 1130 ,-
244 1062 361 1120 nomine
382 1055 513 1122 Cosdto'e‘
525 1105 535 1133 ,
559 1069 585 1122 &
607 1061 678 1120 inter
699 1081 731 1118 ea
754 1062 806 1122 itet

125 1139 272 1202 conditum
291 1141 427 1222 perferas
450 1161 569 1238 gentes,
589 1139 648 1222 qud
666 1139 749 1200 facile
768 1141 806 1200 ab

126 1219 213 1303 usque
227 1223 346 1282 Pontico
363 1225 435 1284 mati
451 1246 482 1284 m
495 1223 622 1285 Galliam
640 1242 806 1304 permeatut.

127 1301 227 1364 Castra
246 1301 458 1385 suspedlioribus
476 1324 560 1386 atque
576 1306 740 1386 opportunis
760 1305 807 1364 lo-

128 1385 167 1444 cis
179 1383 312 1447 exstructa
326 1409 336 1458 3
351 1385 477 1468 ponsque
488 1386 624 1447 Danubio
639 1387 785 1466 impositus
796 1408 807 1457 3

127 1487 161 1526 ac
187 1465 311 1530 dedustae
338 1465 513 1528 coloniarum
537 1468 679 1548 pletaeque.
705 1465 808 1527 Adhuc

129 1546 229 1608 Romae
240 1549 412 1610 Domitiano
430 1566 521 1628 coepta
542 1547 628 1619 fota,
651 1565 735 1628 atque
753 1549 810 1608 alia

129 1627 242 1700 multa,
265 1627 414 1710 plusquam
437 1627 588 1710 magnifice
611 1627 698 1687 coldit
720 1649 809 1687 orna·

130 1711 249 1790 vitque,
270 1719 297 1769 δι
315 1729 435 1770 annonae
453 1729 589 1790 petpetuae
608 1709 679 1768 mire
697 1706 811 1768 consul·

131 1807 193 1849 tum
205 1836 217 1860 ,
238 1809 346 1872 reperto
369 1788 538 1872 firmatoque
557 1787 695 1850 Pistotum
719 1790 810 1850 colle.-

154 1872 183 1930 io
203 1895 210 1928 z
230 1872 314 1932 simul
330 1869 479 1933 noscendis
495 1869 597 1944 ocius,
621 1892 683 1954 quae
706 1872 813 1954 ubique

132 1891 331 2033 {Republica
356 1953 547 2038 gerebantur,
575 1951 691 2014 admota
717 1953 814 2016 media

130 2034 239 2118 publici
254 2033 356 2096 cursus.
378 2035 466 2113 Quod
480 2033 611 2116 equidem
628 2055 729 2095 munus
747 2033 814 2094 satis

132 2116 227 2186 utile,
250 2117 280 2176 in
297 2113 402 2196 pestem
423 2115 505 2176 orbis.
519 2114 645 2174 Romani
664 2116 746 2174 vertit
761 2136 816 2194 po-

132 2195 279 2257 steriorum
291 2197 427 2266 avaritia,
436 2193 658 2276 insolentiaque,
672 2196 726 2254 nisi
757 2193 815 2256 udd

133 2275 180 2338 his
197 2279 277 2338 annis
291 2273 412 2337 suffedlae
429 2277 501 2336 vires
512 2275 625 2358 Illyrico
638 2274 701 2336 sunt
711 2321 723 2345 ‚
768 2296 818 2337 tae·

134 2357 212 2419 secto
237 2357 367 2418 medente
392 2357 538 2418 Anatolio.
563 2357 663 2430 Boni,
691 2357 759 2420 mali
781 2379 816 2418 ue

133 2441 167 2500 in
181 2437 336 2520 Republica
353 2437 507 2510 nihil'est,
529 2438 607 2520 quod
625 2439 655 2498 in
676 2379 817 2498 divetsim

135 2521 245 2582 traduci
277 2540 398 2602 nequeat
435 2520 560 2581 motibus
597 2519 816 2580 Praesidentium.

134 2601 275 2684 AEquus,
299 2603 444 2672 clemens,
468 2601 709 2682 patientissimus,
733 2620 818 2682 atque

136 2686 168 2750 in
187 2684 295 2744 amicos
311 2679 472 2764 perfidelis,
491 2683 594 2764 quippe
634 2683 663 2742 ui
679 2681 753 2742 Surae
772 2681 818 2742 fa-

138 2765 243 2824 miliari
261 2785 330 2864 opus
348 2760 514 2835 sacraverit,
534 2783 595 2846 quae
613 2703 725 2824 dumne
744 2756 816 2824 sunt.

136 2845 237 2930 Usque
260 2866 295 2906 eo
313 2845 479 2908 innocentia
496 2842 609 2919 fidens,
633 2846 676 2910 uti
693 2841 816 2908 Praefec-
