2134 3668
239 323 456 404 Eurnoerr
481 325 575 394 Ira.
605 323 723 394 VIII.
776 327 821 413 89

141 442 174 502 in
193 441 354 515 ‚Germania
376 446 513 525 reparavit
533 467 539 502 t
560 444 706 515 Daciam,
729 445 822 504 Deci-

142 523 209 582 balo
227 526 330 594 visto,
350 522 484 609 subegit,
506 524 651 606 provincii
668 545 742 586 trans
759 527 823 586 Da·
848 582 851 588 ,

140 606 260 665 nubium
286 603 362 666 facta
393 608 423 665 in
456 603 500 666 his
527 609 625 689 agris,
652 627 723 688 quos
748 627 824 668 nunc

141 683 304 766 Taiphali,
326 696 354 748 &
368 685 537 768 victophali
555 685 757 772 &Theruingi
774 687 824 748 ha·

141 766 219 826 bent.
244 769 289 828 Ea
312 771 456 849 provincia
482 768 574 830 decies
594 788 710 830 centena
733 771 825 830 millia

140 869 303 910 incircuitu
320 869 417 911 tenuit.

184 930 247 990 III.
268 931 435 992 Armeniam
451 928 467 1003 ',
498 950 585 1013 quarn
621 951 826 1012 occupaverant
857 926 862 940 '

144 1009 268 1083 Parthi,
290 1016 393 1094 recepit
410 1011 616 1089 Parthamasire
637 1011 753 1084 occiso,
776 1015 827 1094 qui

144 1113 210 1153 eam
229 1094 350 1156 tenebat.
371 1093 491 1154 Albanis
508 1115 604 1176 regem
622 1093 707 1154 dedit.
727 1093 826 1153 Ibero-

142 1195 208 1235 rum
224 1195 339 1259 regem,
363 1185 390 1236 δι
408 1177 660 1246 Sauromatarum,
682 1172 825 1255 Bospora-

143 1277 268 1328 norum,
290 1265 317 1317 &
328 1257 477 1327 Arabum,
498 1266 525 1318 &
541 1255 779 1326 Osdro'e'norum,
799 1265 827 1316 δι

130 1334 351 1410 Colchorum,
374 1341 404 1398 in
426 1337 512 1399 fidem
535 1342 667 1419 accepit3
687 1337 825 1418 ¹Cordue-
876 1413 878 1415 Ι

143 1439 221 1489 nos,
243 1418 444 1480 Marcomedos
466 1423 643 1500 occupavit:
665 1429 692 1480 &
710 1415 825 1480 Anthe-

145 1503 269 1560 musium
294 1547 304 1571 ,
334 1521 469 1582 magnam
501 1501 621 1562 Persidis
648 1503 793 1584 regionem
817 1523 827 1571 3

146 1581 305 1641 Seleuciam
332 1591 358 1642 &
381 1579 622 1662 Ctesiphontem,
651 1583 828 1663 Babylonem

94 1675 97 1682 ⁴
147 1670 176 1720 ὅ(
192 1659 344 1736 Messenios
362 1665 429 1724 vicit
447 1684 480 1722 ac
497 1666 586 1722 tenuit
602 1685 608 1720 :
624 1661 710 1743 usque
727 1662 763 1722 ad
779 1662 829 1722 In·

148 1741 202 1800 diae
222 1739 313 1813 fines,
336 1752 363 1802 δι
382 1765 457 1802 mare
476 1743 606 1802 Rubrum
625 1744 740 1803 accessit
760 1766 767 1800 ε
784 1762 828 1803 at·

147 1843 204 1904 que
223 1824 262 1882 ibi
280 1830 332 1883 tres
351 1827 509 1903 provincias
528 1823 618 1896 fecit,
636 1824 827 1896 Armeniam,

146 1901 311 1986 Assyriam,
331 1904 574 1988 Mesopotamiam
585 1955 597 1978 ,
617 1927 682 1966 cum
698 1903 742 1966 his
762 1926 830 2002 gen·

148 1985 246 2058 tibus,
267 2007 328 2068 quar
341 1987 500 2048 Madenam
518 1990 669 2071 attingunt.
692 1989 831 2050 Arabiam

148 2065 244 2150 postea
264 2070 294 2128 in
314 2068 468 2129 Provincia
491 2067 615 2129 formam
639 2068 747 2152 redegit
770 2093 776 2126 :
799 2071 830 2128 in

151 2152 223 2209 mari
242 2149 341 2210 Rubro
361 2147 472 2210 clallem
487 2147 627 2220 instituit3
648 2169 679 2209 ut
699 2169 746 2230 per
766 2169 830 2210 eam

149 2230 238 2293 ludia
256 2229 325 2290 fines
342 2227 468 2291 vastaret.

192 2313 251 2372 IV.
274 2311 405 2372 Gloriam
435 2332 532 2371 tamen
561 2312 711 2370 militarem
736 2313 830 2372 civili-

152 2411 210 2453 tate
233 2401 260 2452 &
282 2392 477 2454 moderatione
501 2391 660 2474 superavit,
686 2392 786 2452 Rornae
804 2402 832 2453 δε

152 2493 201 2613 [er
216 2477 373 2554 provincias
394 2475 530 2557 aqualem
550 2472 578 2534 se
597 2475 728 2535 omnibus
748 2471 832 2534 exhi-
888 2514 889 2518 κ

175 2576 222 2615 ens
235 2579 244 2626 3
264 2559 371 2616 amicos
386 2555 525 2618 salutandi
541 2554 832 2636 causbfrequentans,

152 2637 199 2697 vel
220 2655 408 2718 aegrotantes,
436 2639 483 2698 vel
506 2637 570 2698 ctim
591 2635 673 2697 festos
693 2637 751 2698 dies
775 2635 831 2695 ha-

153 2714 294 2789 buillent,
320 2721 450 2780 convivia
474 2739 538 2778 cum
560 2716 660 2778 iisdem
684 2716 833 2778 indiscreta

152 2802 276 2859 vicissim
293 2795 422 2873 habens}
444 2798 514 2881 sape
536 2804 566 2860 in
582 2798 717 2862 vehiculis
736 2819 833 2856 eorum

153 2879 277 2956 sedens3
298 2881 406 2944 nullum
427 2881 595 2944 Senatorum
614 2881 740 2953 laedens,
761 2876 833 2958 nihil
