2060 3662
194 279 234 366 58
382 275 699 346 Euraorrr

190 399 325 477 lippum3
349 397 379 456 in
401 395 552 468 sardinii,
574 414 671 456 contra
694 395 818 469 Sardos,
840 405 878 460 dc

190 479 308 540 alterurn
323 477 531 538 Hasdrubalem
545 476 820 562 Carthaginiensem.
842 481 878 540 ln
905 496 909 502 '

193 558 211 619 lt
229 558 299 620 Tito
315 560 429 622 Manlio
446 558 640 630 Proconsule,
658 562 708 640 qui
723 559 759 620 ad
776 561 877 620 Sardi-

193 643 273 702 niam
292 637 385 702 millus
403 638 513 712 fuerat,
532 643 613 700 vivus
631 639 670 700 est
686 661 801 722 captur,
821 663 878 701 oc-

193 721 251 782 cisa
271 742 334 782 cum
349 743 383 781 eo
400 721 550 782 duodecim
569 722 683 793 millia,
704 727 778 803 capti
794 725 877 782 mille

193 806 364 887 quingenti,
392 814 419 864 &
442 803 460 862 d
486 804 625 863 Romania
648 803 777 863 Sardinia
801 805 872 864 sub-

194 889 266 948 alba.
287 887 414 946 Manlius
432 886 534 944 Vitlor
552 887 722 964 captivos&
740 883 872 946 Hasdru*

192 965 288 1034 balent
313 967 438 1028 Romam
466 968 626 1046 reportavit.
653 965 761 1027 Interea
787 971 874 1026 etiam

193 1045 340 1130 Philippus
361 1045 509 1108 *aLaevino
533 1051 563 1108 in
583 1045 756 1108 Macedonid
777 1051 872 1108 vinci-

195 1149 239 1190 tut
251 1154 260 1200 3
281 1137 309 1190 dc
327 1133 357 1188 in
369 1128 510 1209 Hispanid
524 1127 539 1190 ὲ
553 1129 731 1208 Scipionibus
745 1129 873 1190 Hasdru-

196 1212 266 1282 bal,
287 1221 315 1270 &
328 1211 443 1292 Mago,
465 1213 560 1270 tertius
576 1210 659 1270 frater
673 1211 855 1272 Hannibalis.

236 1291 330 1354 XIV.
352 1291 474 1352 Decimo
493 1313 568 1351 anno
588 1292 735 1372 postquam
756 1293 874 1352 Hanni-

196 1373 247 1434 bal
265 1376 295 1432 in
312 1373 426 1432 ltaliam
442 1392 579 1443 venerat,
597 1374 628 1433 P.
647 1375 792 1454 Sulpicio,
817 1374 876 1436 Cn.

197 1455 298 1514 Fulvio
325 1451 522 1525 Consulibus,
551 1447 698 1514 Hannibal
727 1477 813 1538 usque
840 1456 878 1516 ad

197 1553 328 1618 quartum
343 1536 507 1596 milliarium
520 1536 608 1597 Urbis
630 1539 746 1598 accessit
760 1561 769 1608 3
792 1539 877 1618 cqui-

200 1637 240 1682 tts
259 1623 317 1698 ejus
331 1615 418 1700 usque
436 1617 472 1677 ad
492 1635 610 1698 portam.
627 1619 703 1678 -Morr
717 1617 879 1680 Consulum

202 1719 301 1771 maru,
323 1721 388 1758 cum
407 1701 528 1760 exercitu
547 1701 741 1772 venientium,
765 1699 881 1760 Hanni-

199 1782 248 1842 bal
271 1781 308 1840 ad
329 1781 521 1862 Campaniam
546 1777 573 1838 se
587 1782 697 1860 recepit.
719 1781 752 1841 In
768 1780 879 1860 Hispa-

200 1861 249 1925 nil
273 1861 291 1920 a
315 1859 398 1920 fratre
423 1866 480 1940 ejus
504 1860 681 1922 Hasdrubale
701 1863 788 1922 ambo
814 1864 880 1922 Sci-

201 1945 327 2024 piones,
361 1944 411 2023 qui
442 1961 489 2022 per
517 1945 620 2002 multos
644 1965 734 2004 annos
763 1946 884 2004 viliores

202 2023 334 2096 fuerant,
350 2021 551 2083 interficiuntur
566 2049 571 2082 :
585 2029 719 2085 ¹exercitus
732 2045 827 2085 tamen
842 2027 885 2086 in-

203 2127 281 2190 teger
311 2108 413 2166 mansit
440 2126 448 2164 r
474 2105 539 2187 casu
563 2108 639 2165 enirn
667 2109 758 2190 ma'gis
782 2127 884 2179 erant,

206 2188 293 2269 quam
305 2191 427 2259 uirtute,
446 2188 563 2268 decepti.
578 2185 647 2265 Qud
660 2208 784 2268 ternpore
798 2190 884 2248 etiam

206 2267 224 2330 *a
246 2269 372 2330 Consule
400 2270 539 2328 Marcello
562 2271 663 2329 Sicilia
693 2291 797 2352 magna
824 2289 885 2350 para

210 2369 291 2430 capta
312 2349 373 2418 est,
401 2367 487 2430 quarn
511 2369 603 2408 tenere
626 2351 690 2410 Afri
716 2367 883 2431 coeperant:

207 2441 235 2492 &
252 2432 433 2492 nobilissima
450 2431 525 2490 urbis
542 2431 719 2512 Syracusana
736 2433 825 2512 pracda
841 2435 886 2492 in*

209 2533 277 2595 gens
291 2513 425 2572 Romana·
436 2514 539 2590 perlata
558 2513 605 2574 est.
625 2516 752 2574 Laevinus
771 2517 800 2572 in
818 2513 887 2572 Ma-

208 2593 327 2653 cedonil
349 2613 414 2652 cum
430 2591 586 2674 Philippo,
609 2603 636 2656 &
658 2596 751 2656 multis
772 2593 887 2655 Graeriae

210 2677 343 2756 populis,
369 2685 397 2735 ὃς
419 2695 484 2760 rege
507 2677 581 2736 Asia
606 2676 704 2736 Attalo
730 2677 888 2736 amicitiam

209 2755 276 2817 fecit
296 2781 302 2814 :
321 2767 348 2822 ει
367 2757 403 2815 ad
423 2757 549 2817 Siciliam
571 2756 734 2840 profeciat,
759 2755 886 2817 Hanno-

209 2860 277 2900 nem
301 2838 480 2920 quemdam,
508 2837 643 2901 Afrorum
663 2839 788 2914 ducem,
814 2836 890 2920 apud
