2060 3662
302 262 495 385 urm
527 313 601 386 Vr.
747 331 791 402 73

105 403 291 497 Mauritania
304 455 393 519 rege,
415 436 521 495 bellum
535 449 717 516 reparaverat
734 433 797 496 Du

114 539 158 577 tes
190 535 285 576 autern
316 517 443 576 Romani
474 536 552 576 erant
579 518 611 576 P.
644 516 797 578 Cornelius

70 607 79 636 r
113 593 233 677 Scipio,
256 618 290 657 ex
329 619 409 658 enere
431 599 628 679 antiquissimo
654 597 798 678 Scipionis

84 679 269 750 'Africani‚
289 619 417 750 (ἧιίο1
382 682 469 738 etiam
485 679 562 739 socer
574 680 704 760 Pompeii
722 679 796 742 Ma-

10 764 166 903 ppi
190 685 339 834 fuerit),
347 763 411 826 M.
437 761 642 838 Petreius,Q
644 760 773 821 Varus
787 805 801 833 ,

178 769 307 913 Porcius)
314 806 418 911 Cato,
439 843 472 902 L.
487 761 642 904 Cornelii}
657 839 770 904 Faustus
784 888 799 914 ,

117 924 201 1004 Syllae
224 924 379 982 Disiatoris
398 887 480 983 lilius.
508 923 618 985 Contra
638 920 690 982 hos
713 943 799 982 tom-

118 1001 203 1063 millo
213 1004 307 1082 praelio
319 1001 381 1082 post
390 1005 495 1064 multas
502 996 697 1064 dimicationes
709 1007 802 1064 vilior

120 1085 176 1146 suit
189 1082 293 1146 Caesar.
310 1083 387 1145 Cato
398 1086 541 1166 ‚Scipio,
556 1085 696 1155 Petreius,
712 1083 802 1158 Juba,

20 1238 25 1249 ι
120 1169 174 1246 ipsi
190 1165 218 1226 se
237 1165 426 1226 oeciderunt:
445 1166 559 1228 Faustus
582 1167 691 1246 (Syllae
709 1189 805 1248 quon-

122 1247 190 1307 dam
207 1248 362 1308 Diciatoris
381 1247 453 1308 filius
468 1250 683 1331 ,)PompeiiD
665 1269 767 1320 vener,
787 1245 804 1309 i

124 1327 236 1390 Caesate
254 1329 413 1390 interfeuus
432 1295 480 1390 est’.

163 1410 295 1470 XXIV.
313 1409 378 1470 Post
390 1432 495 1472 annum
510 1408 606 1473 Caesar
618 1411 745 1471 Romam
761 1432 805 1470 re·
879 1472 885 1483 ,

158 1489 254 1565 ellus,
284 1490 384 1574 quarti)
410 1491 438 1552 se
466 1492 625 1556 Consulem
651 1491 747 1563 fecit,
777 1503 807 1553 δε

74 1583 79 1593 “
123 1513 254 1634 Xann
244 1572 281 1634 ad
310 1573 462 1654 Hispanias
492 1572 532 1632 est
558 1571 727 1654 profestum
757 1576 810 1634 ubi

124 1654 242 1734 Pomp
219 1657 256 1712 eri
283 1651 358 1726 lilii,
385 1653 490 1716 Cnaeus
514 1663 541 1714 δι
565 1655 685 1725 Sextus,
708 1656 812 1737 ingens

125 1737 233 1796 bellum
247 1755 446 1816 reparaverant.
462 1735 556 1795 Multa
570 1736 662 1816 praelia
675 1733 810 1797 fuerunt·
795 1778 811 1806 ,

125 1818 260 1878 ultimum
292 1816 394 1896 apud
390 1816 537 1878 Mundam
567 1817 745 1877 civitatem.
777 1820 812 1879 in

128 1920 187 1980 quo
206 1896 278 1958 adei)
297 1893 392 1962 Caesar
427 1899 478 1960 eni
500 1901 590 1960 vitius
610 1896 669 1969 est,
688 1917 742 1970 ut,
761 1897 816 1957 fu'

128 1980 269 2064 gientibus
294 1977 375 2049 suis,
400 1921 428 2040 ii
452 1981 572 2040 voluerit
596 1979 747 2050 occidere3
772 1999 814 2041 no

129 2060 192 2142 post
209 2080 318 2120 tautam
335 2063 375 2122 tei
393 2062 521 2122 militaris
542 2062 686 2144 gloriam,
709 2064 740 2120 in
758 2081 813 2140 po-

128 2141 255 2226 testatem
279 2139 524 2212 adolescentium,
548 2159 629 2202 natus
653 2163 742 2201 annos
762 2140 812 2201 sex

129 2233 158 2286 δι
176 2221 406 2318 quinquaginta,
428 2226 544 2282 veniret.
573 2223 705 2302 Denique
725 2243 815 2304 repa-

130 2308 198 2365 ratis
221 2303 276 2364 suis
298 2305 398 2364 vicit:
425 2325 458 2364 ex
481 2303 611 2384 Pompeii
629 2303 695 2364 filiis
720 2311 814 2388 major

131 2386 252 2448 occisus
258 2383 316 2457 est,
339 2387 433 2446 minor
439 2378 533 2470 fugit.

172 2467 282 2528 XXV.
312 2467 381 2526 Inde
415 2467 542 2539 Caesar,
567 2467 648 2527 bellis
663 2467 815 2529 Civilibus

132 2567 196 2610 toto
210 2549 292 2608 orbe
322 2549 513 2646 compositis,
544 2548 671 2608 Romam
692 2549 814 2620 rediit,

134 2651 218 2714 agere
240 2627 404 2690 insolentius
431 2633 539 2709 erepit,
565 2638 592 2689 δι
617 2649 714 2690 contra
740 2650 815 2690 con

134 2683 311 2774 suetudinem
329 2711 467 2772 Romanae
485 2710 629 2772 libertatis.
645 2711 728 2772 Ctlm
748 2731 817 2793 ergo
896 2756 897 2760 ,

134 2803 162 2856 δι
193 2792 313 2854 honores
341 2814 375 2853 ex
401 2790 451 2852 sua
480 2794 623 2854 voluntate
649 2791 819 2873 praestaret,

54 2881 57 2888 '
133 2876 186 2957 qui
204 2897 221 2936 a
240 2875 350 2956 Populo
370 2893 452 2938 antea
470 2873 683 2945 deserebantur,
704 2895 755 2934 nec
773 2873 820 2935 Se

669 2956 699 3017 D
