2110 3666
296 341 649 403 tritona
741 347 804 419 lm

125 453 237 514 creavit.
265 451 324 513 Hic
345 453 563 514 Valentinianus
586 451 639 512 fuit
661 451 740 511 vultu
760 453 810 510 de-

122 557 210 606 eens,
230 531 315 594 solers
337 537 475 618 ingenio,
497 538 594 594 animo
616 536 729 617 gravis,
751 532 811 592 ser·

126 635 213 675 mone
230 610 419 688 cultissimus,
439 631 614 697 quamquam
632 610 697 674 esset
711 613 748 676 ad
764 616 811 674 lo-

146 697 271 756 uendum
289 717 398 777 parcus.
421 698 537 758 Severus
548 707 557 768 3
575 693 748 766 vehemens,
769 697 811 757 in-

126 718 215 840 seetus
235 797 331 842 tamen
347 779 444 849 vitiis,
467 779 647 859 maximeque
667 779 808 848 avaritiae,

127 864 204 939 cujus
230 861 339 940 cupitor
368 857 427 940 ipse
442 862 444 870 ’
458 857 512 919 fuir
540 879 604 918 acer
621 864 642 928 ,'
657 867 684 918 δι
707 860 737 918 in
763 856 809 919 his

128 961 189 1022 quae
210 959 415 1002 memoraturus
436 938 519 1013 sum,
542 939 691 1000 Hadriano
710 942 809 1018 proxi-

127 1043 199 1084 mus.
230 1023 351 1106 Pingere
381 1019 601 1092 venustissime,
629 1017 810 1093 meminisse,

128 1125 204 1163 nova
222 1124 302 1163 arma
319 1103 465 1174 meditari3
483 1101 588 1198 fingere
603 1100 664 1162 cersi
678 1099 726 1160 seu
738 1101 810 1162 limo

129 1184 298 1253 simulacra,
320 1183 468 1265 prudenter
492 1202 533 1244 uu
557 1183 627 1243 locis
639 1227 654 1255 ,
669 1186 809 1263 tempori-

127 1264 200 1336 bus,
221 1264 350 1327 sermone
360 1287 370 1336 3
389 1285 494 1347 atque,
515 1265 680 1324 utbreviter
698 1266 810 1324 conclu-

129 1345 220 1418 dam,
241 1348 264 1406 si
289 1349 317 1404 ei
342 1345 426 1407 foedis
444 1345 635 1417 hominibus,
661 1345 724 1428 quis
752 1343 829 1416 sese¹

129 1429 212 1507 quasi
231 1425 372 1488 fidissimis
407 1424 662 1507 rudentissimisque
675 1425 810 1500 dederat,

129 1527 243 1580 carere,
264 1529 312 1569 aut
335 1449 460 1590 prodatis
489 1505 657 1590 eruditisque
679 1501 837 1580 monitu,

128 1589 205 1650 ribus
229 1592 271 1648 uti
297 1585 438 1658 licuisset,
467 1586 601 1668 persedus
624 1586 699 1648 haud
724 1588 811 1648 dubie
895 1636 898 1640 .

130 1671 257 1750 princepe
277 1665 421 1728 enituisset.
438 1667 534 1752 'Hujus
554 1687 680 1749 tempore
701 1669 812 1730 Firmus

130 1750 205 1828 apud
226 1750 430 1810 Mauritaniam
446 1771 564 1844 regnunt
582 1749 738 1821 invadens,
757 1772 810 1810 ex-

128 1827 288 1915 stinguitur.
309 1831 528 1891 Valentinianus
550 1821 623 1912 apud
641 1831 809 1914 Bergentio·

126 1932 196 1974 atem
231 1912 371 1994 legationi
400 1911 568 1990 Quadorum
602 1910 772 1994 respondens
801 1960 811 1986 ,

130 2013 207 2054 auno
229 1995 280 2053 aevi
304 1994 404 2074 quintp
427 2001 453 2054 δι
475 1996 730 2076 quinquagesimo,
755 1996 812 2054 im-

129 2092 196 2154 petu
218 2072 382 2158 sanguinis,
401 2094 472 2133 voce
494 2071 617 2144 amissi,
637 2073 718 2134 sensu
739 2077 812 2134 inte-

131 2175 209 2237 ger,
236 2158 383 2235 expiravit.
411 2153 501 2231 Quod
523 2153 638 2235 quidem
665 2157 809 2234 intempe-

131 2233 222 2295 tantist
244 2238 319 2308 eibi,
344 2257 376 2295 ac
397 2231 560 2304 saturitate,
580 2233 637 2316 qual
656 2255 731 2296 attus
753 2235 813 2296 dis-

131 2313 263 2388 fuderat,
291 2311 418 2378 accidisse
446 2317 536 2396 plures
564 2317 688 2375 retulere.
713 2317 813 2399 ltaque

131 2415 166 2456 eo
196 2416 338 2469 mortuo,
373 2397 590 2457 Valentinianus
620 2394 712 2456 adhuc
739 2420 814 2479 qua·
845 2399 848 2405 ’

130 2477 252 2538 drieunis
264 2523 273 2548 ,
288 2483 400 2539 audiere
417 2478 557 2560 Equitio,
569 2498 602 2536 ac
613 2479 790 2539 Merobaude
802 2526 811 2552 ,

132 2558 147 2616 ὲ
166 2562 345 2640 propinquo,
368 2561 418 2620 ubi
437 2579 502 2619 cum
522 2578 611 2618 marte
629 2558 743 2631 fuerat,
769 2563 812 2622 al-

120 2639 223 2709 latus,
244 2660 352 2701 creatus
371 2637 411 2700 est
431 2641 597 2721 Imperator.

170 2720 295 2782 XLVI.
319 2723 427 2782 Valens
445 2719 501 2782 unit
520 2743 585 2781 cum
606 2723 812 2782 Valentiniano

131 2821 268 2884 germano
293 2801 366 2874 suo,
386 2803 421 2864 de
441 2825 499 2884 quo
518 2803 662 2874 diximus,
683 2807 813 2886 regnavit

130 2905 221 2944 annus
234 2883 367 2944 tredecim
381 2931 390 2955 ,
410 2883 519 2944 menses
531 2888 664 2965 quinque.
679 2885 736 2944 Hic
749 2885 813 2944 Va-

130 2965 189 3026 lens
214 2985 279 3026 cum
302 2963 407 3027 Gothis
431 2966 608 3047 lacrymabili
627 2965 703 3025 bello
725 2987 810 3026 eom-

617 3044 638 3106 Ρ
660 3049 689 3128 n
