2134 3668
319 260 503 331 LIBER
539 263 582 329 X.
727 283 787 327 121

113 377 210 442 Caesar
223 377 331 442 occisus
346 377 385 440 est
403 404 409 438 τ
425 383 469 440 vit
484 379 582 440 natural
598 377 695 449 ferm,
716 389 742 439 δε
759 378 796 439 ad

113 461 289 541 tyrannidem
309 465 447 542 pronior,
472 463 495 520 si
516 459 566 527 suo
585 466 643 540 jure
661 462 796 538 imperate

113 540 238 602 licuilset.
267 542 396 603 Silvanus
426 563 539 623 quoque
571 545 600 604 in
627 540 723 602 Gallia
754 563 795 601 res

113 645 201 683 novas
221 624 358 693 molitus,
380 621 538 682 antediem
559 621 735 706 trigesimum
752 643 797 681 ena

114 706 215 764 tinstus
234 702 281 763 est.

155 783 249 844 XIV.
273 781 409 864 Solusque
428 784 457 843 in
477 781 595 864 imperio
609 783 743 842 Romano
762 805 797 844 eo

115 885 242 944 tempore
261 863 445 924 Constantius
464 865 636 942 Princeps&
658 863 799 944 Augustus

116 945 179 1006 fuit.
207 945 281 1018 Mox
307 945 451 1004 lulianum
472 943 613 1005 Caesarem
634 945 670 1002 ad
689 941 799 1005 Gallias

117 1028 221 1096 misit,
245 1025 398 1105 patruelem
425 1023 527 1095 suum,
552 1024 631 1084 Galli
657 1023 798 1084 fratrem:

88 1105 222 1180 wradinl
247 1108 272 1164 ei
300 1107 330 1164 in
355 1107 569 1164 matrimonium
589 1102 707 1175 sorore3
735 1104 800 1166 cuim

119 1188 209 1247 multa
236 1185 341 1268 oppida
361 1186 473 1246 barbari
495 1182 716 1268 expugnillent,
744 1189 801 1248 alia
867 1245 869 1250 ,

118 1267 303 1338 obsiderent,
328 1269 432 1348 ubique
462 1266 548 1327 foeda.
564 1265 677 1347 uastitas
706 1265 801 1340 elice,

120 1349 342 1430 Romanumque
368 1350 515 1428 imperium
541 1369 600 1407 non
628 1346 714 1408 dubie
732 1354 801 1426 ·jam

120 1430 281 1490 calamitate
305 1449 437 1490 nutaret:
458 1427 475 1487 ὲ
498 1449 555 1508 quo
578 1427 697 1489 modicis
713 1432 802 1509 copiis

120 1511 196 1592 apud
219 1511 259 1587 At
279 1528 461 1578 entonamm,
483 1509 584 1568 Galliae
605 1509 726 1578 urbem,
751 1513 800 1569 in,-

120 1611 219 1675 gentes
233 1531 458 1650 Alamannorum
472 1591 559 1668 copiae
573 1591 699 1649 extintstae
714 1588 777 1650 sunt
791 1635 801 1662 ‚

120 1694 170 1741 tex
190 1671 380 1739 nobilissimus
401 1677 523 1748 captus:
542 1669 645 1729 Galliae
665 1669 801 1731 testitutae.

120 1751 220 1815 Multa
239 1748 333 1831 postea
349 1771 395 1830 per
414 1748 534 1808 eundem
553 1751 697 1810 Julianum
717 1771 800 1892 epre-

74 1863 76 1870 ν
121 1834 171 1918 gie
200 1829 345 1894 adversum
366 1830 498 1891 barbatos
510 1829 594 1973 gesta
616 1829 706 1892 sunt:
743 1832 800 1891 ub-

122 1916 198 1974 moti
219 1933 252 1972 ue
271 1913 342 1985 ultra
361 1911 493 1972 Rhenum
540 1915 670 1985 cimam,
693 1923 719 1974 &
736 1911 802 1974 fini·

123 1996 177 2055 bus
192 1936 247 2054 llis
261 1993 424 2053 Romanum
443 1994 596 2072 imperium
613 1993 776 2058 restitutum.

164 2073 238 2137 XV.
260 2072 361 2156 Neque
380 2071 471 2133 multo
489 2069 573 2151 post,
595 2073 659 2133 cuim
676 2075 801 2134 Germa-

122 2157 232 2218 niciani
246 2155 379 2214 exercitus
396 2152 582 2214 ‘aGalliatum
601 2154 727 2233 praesidio
742 2156 801 2214 tol-

121 2239 245 2298 letentur
257 2281 266 2307 ,
287 2233 422 2294 consensu
436 2235 558 2292 militum
573 2234 700 2294 Julianus
714 2235 804 2296 fastus

123 2315 267 2402 Augustus
285 2314 325 2374 est
344 2340 350 2372 :
370 2317 571 2394 interjecioque
588 2318 688 2388 anno,
709 2315 744 2376 ad
764 2315 805 2378 ll·

123 2401 244 2480 lyricum
255 2395 440 2456 obtinendum
454 2393 593 2476 profectus
605 2441 616 2466 ,
631 2397 803 2460 Constantio
814 2415 817 2434 ¹

124 2477 264 2540 Parthicis
290 2477 370 2536 bellis
388 2495 525 2555 occupato
547 2499 553 2532 :
576 2480 626 2558 qui
646 2477 726 2539 rebus
751 2502 804 2540 co·

125 2562 241 2642 gnitis,
267 2557 303 2618 ad
327 2557 434 2617 bellum
457 2555 552 2618 Civile
577 2557 749 2632 conversus,
775 2565 806 2621 in

126 2642 226 2700 itinere
243 2639 317 2697 obiit
331 2639 401 2697 inter
418 2637 553 2698 Ciliciam
570 2638 805 2722 Cappadociam·

126 2741 207 2802 que,
232 2741 308 2780 anno
329 2720 438 2798 imperii
465 2721 567 2778 ociavo
590 2729 617 2780 &
637 2724 807 2804 trigesimo,
870 2754 887 2762 s

126 2803 216 2864 aetatis
234 2802 334 2882 quinto
353 2809 379 2861 8(
395 2797 635 2888 quadragesim03
654 2805 809 2940 ingenuitque
