2060 3662
251 335 295 405 54
418 311 736 380 Eurnorrr

248 433 356 492 amicos
383 427 572 490 interemisset.
596 427 698 489 Millus
719 423 848 488 advertiis
869 447 938 488 eum

250 510 361 574 Consul
390 511 563 592 Calpurnius
582 509 693 581 Bestia,
724 507 867 588 corruptus
895 531 939 568 re-

250 596 294 678 gis
321 591 462 676 perutili,
492 613 591 674 pacem
610 589 681 651 cum‘
696 612 731 650 eo
751 591 939 730 dapitiosissi-

250 696 330 736 mam
347 671 434 746 fecit,
455 695 518 754 quae
538 671 554 732 *a
574 673 680 735 Senatu
701 675 795 752 impro
817 691 864 738 ata
887 671 938 738 est.

250 754 352 817 Postea
370 775 468 814 contra
489 755 639 826 eumdem,
661 752 820 836 insequenti
839 776 917 812 anno
928 800 938 826 ,

252 839 367 918 Spurius
392 834 552 897 Postumius
575 837 698 898 Albinus
728 833 870 916 profedius
889 833 937 895 est.

253 920 281 978 Is
299 939 415 1000 quoque
431 939 478 1000 per
498 918 613 978 fratrem
626 915 821 1001 ignominiose
837 935 936 976 contra

252 999 399 1062 Numidas
412 1021 451 1082 pu
472 1001 559 1064 navit.
633 1005 637 1011 '

294 1081 422 1142 XXVII.
442 1021 543 1142 ‘lertid
558 1076 653 1140 millus
667 1079 792 1158 Quintus
804 1077 938 1140 Caecilius

253 1163 388 1224 Metellus
412 1161 543 1233 Consul,
564 1161 715 1222 exercitum
734 1161 845 1246 ingenti
860 1158 939 1221 seve·

255 1247 337 1304 ritate
354 1254 381 1304 δι
395 1243 590 1304 moderatione
600 1245 774 1322 comestum,
790 1239 855 1302 crim
866 1239 939 1302 nihil

256 1326 287 1384 in
305 1342 480 1406 quemquam
505 1342 649 1384 cruentum
669 1322 794 1394 faceret,
818 1321 854 1383 ad
876 1319 936 1382 dis-

257 1406 393 1486 ciplinam
425 1405 589 1466 Romanam
623 1404 740 1466 reduxit.
769 1401 940 1488 iugurtham

257 1488 342 1546 variis
354 1485 453 1567 praeliis
465 1488 535 1548 vicit
546 1509 556 1558 3
569 1484 733 1568 elephantos
747 1489 806 1564 ejus
817 1485 940 1557 occidit,

259 1567 305 1628 vel
319 1569 392 1650 cepit
407 1590 417 1638 3
438 1568 561 1646 [multas
573 1570 699 1629 civitates
713 1569 798 1648 ipsius
817 1567 848 1628 in
861 1567 943 1626 dedi-

259 1651 368 1710 tionem
379 1670 444 1710 acce
465 1652 558 1728 it]·:&
570 1647 696 1729 cdmjam
707 1647 784 1710 bello
795 1646 883 1708 finem
891 1651 943 1708 im·

117 1739 120 1744 ’
187 1777 189 1782 .
280 1734 423 1792 osituruse
447 1750 493 1802 et,
504 1727 702 1792 succeffumest
715 1728 817 1790 eisc.
833 1729 941 1790 Mario.

259 1751 288 1872 ls
313 1809 505 1896 Jugurtham,
530 1821 557 1872 δι
577 1808 743 1881 Bocchum,
761 1811 941 1871 Mauritania

262 1913 382 1974 regem,
401 1895 451 1973 qui
474 1893 611 1957 auxilium
633 1889 776 1976 Juguttliae
794 1891 865 1952 ferre
885 1913 943 1952 co·

256 1992 339 2054 perat
350 2020 362 2044 ,
382 1975 481 2052 pariter
503 1971 649 2054 superavit.
671 1975 827 2054 Aliquanta
842 1982 870 2034 ὃ(
885 1971 942 2054 ipse

259 2053 367 2134 oppida
381 2053 525 2114 Numidia
539 2076 569 2113 ce
589 2055 627 2126 it,
641 2055 772 2136 belloque
789 2056 943 2114 terminum

258 2132 370 2220 posuit,
383 2075 605 2218 captolugurtld
616 2157 664 2218 per
676 2133 851 2214 Quaestorem
861 2135 941 2195 suum

259 2215 431 2276 Cornelium
446 2218 574 2298 Syllam,
592 2219 736 2300 ingentem
753 2218 868 2288 virum3
889 2237 942 2276 tra·

262 2297 345 2356 dente
355 2295 471 2357 Boccho
487 2299 503 2358 J
506 2295 656 2378 ugurtham
669 2344 678 2369 ,
692 2301 741 2378 qui
759 2319 809 2378 pro
830 2317 865 2359 eo
877 2299 942 2356 anti

262 2385 445 2516 pugnaverat.
462 2378 490 2438 A
510 2379 612 2437 Marto
631 2379 716 2438 Junio
736 2379 857 2449 Silano,
883 2379 944 2438 col·

274 2457 326 2540 egei
347 2457 451 2534 Quinti
476 2457 607 2530 Metelli,
632 2459 748 2519 Cimbri
771 2461 801 2518 in
822 2459 920 2520 Gallid
932 2482 942 2530 3

263 2549 290 2598 &
306 2536 323 2596 lt
337 2539 466 2600 Minutio
478 2539 555 2600 Rufo
568 2541 597 2600 in
613 2540 788 2600 Macedoni&
802 2537 943 2601 Scordisci

261 2629 289 2681 δε
302 2617 425 2682 Triballi
431 2643 441 2692 3
458 2629 485 2682 ἃ
501 2619 517 2680 ὲ
532 2621 650 2682 Servilio
665 2621 802 2702 Caepione
818 2623 847 2682 in
865 2621 941 2682 His·

264 2700 348 2782 panid
365 2703 493 2764 Lusitani
510 2704 578 2762 vieti
593 2701 675 2762 sunt:
691 2713 717 2764 &
733 2704 789 2764 duo
806 2702 944 2783 triumphi

264 2782 299 2842 de
320 2781 477 2866 Jugurthd,
504 2785 607 2864 primus
630 2805 677 2863 per
696 2785 872 2856 Metellum,
893 2783 942 2844 se-

265 2863 372 2930 cundus
391 2886 441 2949 per
460 2865 587 2930 Marium
605 2867 662 2930 atti
681 2863 765 2942 sunt3
789 2885 856 2930 ante
876 2887 942 2927 cur·
