2142 3664
200 343 257 394 ΒΕ
276 327 394 399 Vrms
412 345 698 400 ILLUSTMBUS.
726 353 792 422 2¹5

119 443 269 506 Lentulum
288 445 397 507 tannim
413 493 422 519 ,
441 457 469 510 δι
482 447 658 520 Afranium,
679 457 707 509 δι
722 449 798 510 Fau-

119 522 192 586 stum
214 528 296 588 Sullae
320 526 412 588 filium
436 532 517 609 jussit
540 529 641 590 occidi.
666 529 798 590 Didiarot

121 607 151 666 in
172 627 335 688 perpetuum
355 608 444 671 faetus
463 607 479 669 ὲ
497 608 626 681 Senatu3
646 612 675 670 in
698 611 797 684 curii,

121 685 223 748 Cassio
250 698 277 749 δι
303 690 389 750 Bruto
415 689 496 751 caedis
527 691 688 751 austoribus
711 692 799 752 tribus

121 775 148 826 dc
173 771 277 851 viginti
304 771 464 832 vulneribus
488 769 596 833 occisus
623 769 689 842 est3
722 777 799 851 cujus

120 869 241 929 corpore
266 870 321 950 pro
351 849 444 911 rostris
473 855 590 933 posito,
618 851 669 912 Sol
697 853 800 915 orbem

120 927 202 990 suum
223 926 318 990 celasse
337 931 447 990 dicitur.

163 1009 298 1072 LXXIX.
320 1010 415 1072 Caesar
433 1011 606 1074 Octavianus
625 1033 660 1073 ex
678 1009 802 1074 Octavia

121 1089 236 1152 familia
252 1094 282 1151 in
300 1093 405 1154 Juliam
424 1096 590 1166 transsatus,
615 1095 645 1153 in
663 1095 801 1154 ultionem

122 1171 193 1232 'Julii
206 1169 348 1245 Caesaris,
372 1172 389 1232 ‘a
407 1195 464 1255 quo
482 1173 566 1236 haeres
584 1172 675 1234 fuerat
692 1173 802 1234 institu⁴

123 1269 190 1325 tus,
208 1253 322 1314 Brutum
339 1263 366 1316 δι
380 1253 513 1316 Cassium
529 1255 610 1317 caedis
627 1258 753 1316 aue‘totes
770 1257 802 1316 in

123 1333 297 1394 Macedoni&
317 1337 393 1396 vicit.
413 1336 528 1397 Sextum
553 1336 721 1418 Pompeium
743 1335 802 1398 Cn.

123 1414 254 1496 Pompeii
264 1413 354 1476 filium
364 1417 441 1477 bona
452 1437 566 1498 paterna
576 1437 760 1498 repetentem,
771 1417 802 1476 in

123 1495 196 1556 freto
215 1497 312 1557 Siculo
329 1495 475 1578 superavit.
496 1499 630 1558 Marcum
644 1498 802 1557 Antonium

124 1575 269 1639 consulem
279 1577 390 1656 Syriam
404 1579 598 1648 obtinentem,
613 1597 709 1636 amore
718 1575 805 1636 Cleo-

123 1677 210 1738 patrae
239 1657 427 1730 devinctum,
452 1659 481 1718 in
503 1657 626 1724 ΑὲὶίειεοΥ
644 1659 805 1716 Ambraciae

126 1741 210 1798 litore
232 1739 391 1800 debellavit.
417 1737 481 1799 Reli
502 1758 569 1797 uam
592 1737 669 1798 orbis
697 1755 805 1818 partem

123 1833 175 1901 'per
201 1821 309 1904 legatos
329 1819 449 1880 domuit.
475 1759 551 1880 idme
574 1815 669 1878 Parthi
696 1819 803 1901 signa,

149 1921 190 1961 uae
203 1898 304 1963 Crasso
322 1898 504 1972 sustulerant,
524 1897 599 1960 uitro
617 1898 804 1961 reddiderunt.

127 1921 212 2053 dudi,
228 1979 358 2064 Scyrhae,
374 1981 527 2053 Sarmatae,
546 1981 620 2042 Daci
632 2024 642 2050 ,
662 2003 732 2062 quos
745 2001 806 2040 non

128 2061 300 2133 domuerat,
326 2061 403 2122 dona
432 2061 574 2122 miserunt.
605 2061 669 2122 Jani
718 2063 806 2120 enini
829 2118 831 2124 s

128 2161 223 2225 portas
237 2141 281 2203 bis
297 2161 362 2204 ante
376 2140 404 2202 se
421 2139 551 2210 clausas,
566 2139 658 2221 primo
677 2137 708 2198 su
741 2140 806 2199 Nu-

129 2223 177 2285 mi
189 2267 198 2295 ,
211 2221 311 2284 itenirn
362 2220 386 2282 st
398 2223 522 2302 primum
532 2221 669 2280 Punicum
681 2220 806 2293 bellum,

127 2303 180 2367 sui
201 2323 323 2364 manue
352 2305 415 2364 usit.
437 2303 568 2363 Didiator
593 2304 622 2360 in
663 2319 806 2382 erperuum

130 2385 245 2456 faetus,
269 2381 286 2444 *a
310 2383 437 2455 Senatu,
462 2382 502 2442 ob
531 2401 573 2443 res
599 2321 689 2465 gedor
715 2381 808 2444 Divus

130 2469 177 2530 Au
198 2463 271 2526 usius
289 2463 328 2524 est
342 2463 504 2546 appellatus.

171 2489 293 2607 XXXX.
314 2545 392 2606 Cato
405 2545 550 2605 Praetorius
562 2539 714 2614 ,catonis
727 2539 809 2603 Cen·

132 2626 200 2690 sotii
226 2643 388 2708 pronepos,
414 2623 478 2686 crim
503 2626 533 2686 in
559 2621 646 2683 donno
678 2624 808 2683 avunculi

130 2709 220 2771 Drusi
241 2705 424 2778 educaretur,
444 2725 496 2767 nec
517 2705 630 2786 pretio,
652 2725 703 2762 nec
724 2705 809 2764 minis

132 2791 225 2872 potuit
247 2785 349 2848 adduci
368 2783 385 2846 i
405 2785 444 2862 Q.
467 2785 591 2866 Popedio
613 2785 709 2845 Silone
732 2783 809 2842 Mar-

136 2869 231 2932 sorum
251 2869 393 2952 principe,
411 2886 443 2927 ut
459 2866 553 2946 favete
568 2863 595 2926 se
609 2863 695 2927 cause
712 2865 810 2926 Socio-
