2110 3666
266 329 333 411 360
406 319 603 389 errr
638 319 789 389 Rurr

263 435 947 520 Calathin,Parthenopolin,Tonros‚Histrum3

262 523 300 583 ad
317 523 483 584 Danubium
502 518 589 602 usque
607 523 791 602 perveniens,
812 521 944 582 Romana

231 664 236 673 ,
260 603 373 684 Scythis
397 625 477 662 arma
496 597 670 661 monstravit.
691 599 736 660 lta
757 601 860 663 ditioni
878 603 943 663 Rei-

260 685 378 765 publicae
406 681 454 743 sex
480 680 668 742 Thraciarum
696 684 850 762 provinciae
878 681 941 744 sunt

259 767 423 846 conquisitae
437 762 583 836 3Thracia
597 809 606 836 ,
618 763 850 836 Haemimontus,
866 765 941 825 Μω-

258 850 300 907 sia
315 845 454 917 inferior,
470 842 607 926 Scythia,
623 841 788 926 Rhodope,
805 843 938 926 Europa,

258 931 288 987 in
308 927 366 1010 qu&
384 948 458 988 nunc
478 925 604 986 secunda:
622 946 697 986 arces
715 927 842 987 Romani
861 927 940 990 orbis

257 1007 322 1070 sunt
341 1007 518 1080 constituta,
537 1005 810 1088 Constantinopolis.

297 1089 336 1150 X.
357 1089 442 1152 Nunc
455 1089 533 1149 ans
546 1109 661 1170 partes,
676 1109 823 1169 totumque
835 1090 940 1152 Orien·

256 1189 339 1242 tem,
362 1193 399 1230 ac
423 1173 525 1251 positas
549 1169 600 1230 suh
622 1172 719 1230 vicino
742 1169 802 1231 sole
825 1177 939 1252 provin-

256 1254 334 1323 cias,
376 1255 405 1311 ui
419 1253 546 1311 auclores
561 1249 675 1332 sceptris
688 1253 742 1310 tuis
755 1255 936 1331 paraverint,

254 1273 426 1412 explicaho3
446 1330 504 1414 quh
525 1331 646 1390 studium
670 1331 839 1392 Clementiae
859 1352 937 1408 tuae,

254 1413 332 1495 quod
356 1415 385 1472 in
405 1412 505 1495 iisdem
527 1413 718 1496 propugandis
740 1411 851 1485 habes,
877 1437 938 1477 am-

192 1491 195 1496 ’
252 1493 325 1576 plius
346 1497 483 1555 incitetur.
500 1495 576 1555 Asia
598 1493 729 1554 societate
750 1495 840 1555 Attali
862 1500 936 1580 regis

253 1596 322 1636 nota
340 1575 479 1636 Romanis
505 1573 566 1647 est3
594 1597 713 1656 eamque
735 1575 824 1638 Attali
846 1575 934 1638 testa-

253 1679 350 1720 mento
376 1657 504 1719 relietum
528 1656 698 1718 hereditario
722 1663 782 1736 jure
803 1659 934 1738 posside-

253 1759 323 1801 mus.
353 1738 399 1799 Ne
424 1740 493 1822 quid
518 1758 614 1800 tamen
641 1741 759 1820 populus
785 1737 936 1802 Romanus

251 1842 310 1881 non
332 1821 440 1882 viribus
463 1839 574 1902 partum
597 1819 734 1891 haberet,
755 1823 861 1893 armis,
885 1843 937 1902 per

250 1923 303 1960 nos
317 1903 353 1961 ab
366 1901 531 1972 Antiocho,
547 1903 690 1982 Syriarum
704 1923 770 1985 rege
784 1905 935 1976 maximo,

251 1980 290 2041 est
305 1981 458 2042 vindicata.
479 1981 589 2043 Eidem
605 1985 753 2042 occasione
773 1985 859 2045 etiam
874 1983 936 2065 ly-

249 2065 328 2135 dia,
357 2061 434 2123 sedes
462 2066 579 2146 antiqua
606 2085 757 2158 regnorum
776 2110 788 2134 ‚
824 2067 908 2124 Caria
922 2113 935 2138 ,

248 2143 463 2222 Hellespontus,
487 2166 518 2204 ac
540 2145 692 2246 Phrpgzae,
715 2147 746 2205 in
766 2143 935 2225 potestatem

247 2227 346 2308 'populi
365 2226 491 2286 Romani
514 2229 610 2306 juncia
635 2226 778 2286 deditione
802 2247 938 2306 pervene-

248 2327 320 2368 runt.
338 2307 480 2378 Rhodiis,
503 2317 531 2368 &
546 2306 697 2388 infidorum
712 2309 847 2384 populis,
872 2311 937 2389 pri-

248 2386 328 2448 mtlm
343 2387 552 2460 infestissimis,
577 2387 639 2470 post
661 2387 829 2449 fidelissimis
851 2393 936 2450 auxi-

247 2471 395 2530 liatoribus
418 2472 461 2530 usi
483 2469 586 2530 sumus.
607 2471 650 2530 Ita
673 2468 814 2540 Rhodus,
831 2477 859 2529 &
880 2473 933 2532 in-

248 2549 313 2612 sulae
339 2549 462 2630 primum
489 2552 575 2611 libere
605 2575 621 2610 a
644 2553 729 2611 ebant
750 2575 756 2608 :
776 2547 872 2633 postei
900 2555 933 2613 in

248 2631 478 2693 consuetudinem
494 2631 609 2712 parendi
623 2573 786 2703 homnis,
809 2632 935 2692 clernen·

247 2734 288 2773 ter
312 2731 469 2794 provocata
495 2733 676 2794 pervenerunt
696 2737 705 2784 3
726 2723 754 2774 &
779 2711 830 2772 sub
846 2712 931 2774 Ves-

212 2811 222 2826 ·
246 2799 362 2875 pasiano
383 2797 507 2878 principe
521 2794 673 2877 lusalatum
690 2797 837 2871 prouincia
854 2794 934 2856 faula

247 2875 294 2938 est.
919 2927 925 2934 ⁶

870 2957 931 3018 XI.
