2110 3666
247 332 313 418 308
363 326 795 400 Avr.Vrc.1·on1s

245 445 377 518 cesserat,
394 448 527 518 indulsit3
545 448 660 508 afflictas
675 450 801 508 civitates
820 446 931 508 releva-

244 532 302 598 vit3
315 529 433 609 puellas,
442 526 597 609 puerosque
606 549 686 588 natos
695 528 856 608 parentibus
864 551 931 612 ege-

164 615 166 628 '
244 607 324 670 slosis
344 607 456 690 sumptu
468 610 582 690 publico
596 630 644 691 pet
657 610 744 670 Italiae
763 609 869 689 oppida
889 611 930 670 ali

244 692 333 770 jussit.
349 690 406 749 Hic
422 711 457 749 ne
473 687 578 750 accessu
593 692 800 751 malevolorum
817 709 931 750 terrere-

245 787 312 840 tur,
329 771 406 832 Junii
421 771 544 831 Maurici
556 769 706 832 constantis
721 774 776 832 viri
794 771 871 831 disto
888 771 929 832 ica

245 850 422 912 admonetur.
445 852 504 928 Qui
531 854 663 912 convivio
687 851 823 912 familiari
843 850 930 913 adhi-

245 932 340 1004 bitus,
363 931 426 992 crim
444 934 635 1014 Vejentouem
657 931 797 994 consulari
817 931 929 994 honore

245 1011 375 1075 funstum
396 1014 510 1095 quidem
539 1014 612 1094 apud
638 1014 863 1088 Domitianum,
887 1035 930 1076 ta-

245 1115 313 1155 men
339 1096 442 1155 multos
463 1095 578 1154 occultis
604 1095 846 1156 criminationibus
866 1117 929 1176 per·

246 1173 397 1248 secutum,
429 1174 518 1236 adess'e
537 1174 668 1247 vidiffet3
688 1179 760 1236 inter
783 1178 929 1258 colloquia

246 1261 391 1318 mentione
410 1257 518 1318 Catulli
538 1255 613 1317 fastai
634 1259 843 1318 calumniatoris
861 1280 930 1338 prcc-

246 1339 345 1417 cipui,
364 1338 473 1398 dicente
481 1337 597 1409 Nerva,
616 1337 696 1414 Quid
714 1361 788 1400 nunc
804 1337 927 1412 faceret,

247 1419 271 1476 si
297 1419 468 1478 Domitiano
495 1417 709 1500 supervixisset?
743 1418 927 1493 Nobiscum,

246 1499 276 1558 in
298 1501 339 1559 uit
358 1500 521 1570 Mauricus,
539 1520 668 1560 coenaret.
690 1499 748 1560 Hic
765 1505 810 1581 jur
832 1504 927 1563 iorum

236 1520 415 1662 'disceptator
445 1591 473 1644 &
506 1579 704 1642 scientissimus
734 1591 761 1642 &
810 1603 928 1664 sequeus

246 1659 312 1722 fuit'
334 1657 522 1744 Calpurnium
545 1660 696 1734 Crassum,
717 1665 862 1742 promissis
882 1686 927 1726 rn-

247 1743 378 1882 pentibus
409 1747 520 1804 animos
549 1745 682 1829 militum·
698 1763 925 1822 pertentantem,

268 1827 406 1894 etesium,
431 1822 662 1906 consessumque,
682 1823 839 1886 Tarentum
862 1848 926 1888 cum

247 1925 331 1964 uxore
349 1907 487 1975 removit,
507 1905 636 1966 Patribus
653 1905 797 1967 lenitatem
816 1911 874 1986 ejus
886 1911 927 1968 in-

246 1984 429 2064 crepantibus.
455 1983 587 2066 Ctimque
611 1985 800 2048 interfectores
824 1987 927 2048 Domi·

240 2067 318 2124 tiani
339 2064 374 2126 ad
395 2068 511 2126 exitium
536 2065 732 2147 poscerentur,
754 2065 864 2129 tantrlm'
889 2068 927 2130 est

247 2144 459 2219 consternatus,
484 2168 515 2208 ut
534 2169 624 2230 neque
645 2151 810 2222 vomitum,
835 2171 926 2232 neque

249 2230 386 2308 impetum
397 2232 499 2289 ventris
510 2230 627 2298 valuerit
639 2227 749 2289 differre
764 2255 771 2289 :
787 2240 813 2291 &
832 2250 927 2292 tamen

247 2306 427 2368 vehementer
447 2309 575 2382 obstitit,
596 2310 726 2372 dictitans
748 2313 853 2404 aquius
875 2309 927 2372 effe

248 2392 341 2460 mori,
360 2387 445 2472 quim
464 2393 658 2452 austoritatem
676 2393 786 2472 impetit
803 2391 926 2466 foedatc,

247 2470 366 2551 proditis
386 2473 516 2549 potentia
529 2471 670 2533 sumendae
689 2473 857 2534 aussoribus.
871 2473 926 2534 Sed

248 2552 351 2610 milites
374 2553 503 2634 negleslo
522 2555 611 2632 princi
632 2575 672 2624 e,
694 2555 855 2636 requisitos,
877 2555 927 2614 Pe·

248 2633 373 2691 tronium
386 2653 443 2692 uno
461 2635 534 2704 istu,
552 2575 733 2696 Panbenium
746 2633 814 2696 verb
830 2635 927 2718 demp-

248 2715 284 2772 tis
304 2709 376 2792 pritis
400 2714 589 2796 genitalibus,
611 2725 637 2778 δι
660 2718 692 2776 iu
713 2737 745 2776 os
770 2720 926 2796 coujesiis,

248 2793 437 2875 jugulavsre‚
463 2795 609 2876 redempto
636 2799 748 2880 magnis
770 2795 927 2878 sumptibus

250 2871 387 2958 Casperio
399 2899 409 2951 3
433 2879 482 2960 qui
507 2875 607 2940 scelere
633 2897 693 2941 tam
714 2879 785 2940 truci
807 2875 928 2941 insolen-
