2134 3668
189 337 191 342 .
258 317 325 383 144
397 294 776 365 AunVrcrozus

254 413 374 486 misisse,
388 433 419 474 ut
429 433 607 474 reverteretur
620 413 738 474 domum
750 457 758 482 ‚
770 431 853 492 atque
868 411 935 473 inde

254 499 353 556 omnia
369 493 482 566 secum,
497 516 557 574 quae
574 495 679 564 vellet,
694 493 820 552 auferret.
835 492 934 574 ltaque

254 597 319 636 eum
340 579 450 657 magnis
467 597 531 634 cum
551 575 669 654 opibus,
687 573 864 654 pluribusque
885 573 934 634 so-

255 660 305 716 ciis
331 655 471 736 utriusque
497 653 575 714 sextis
599 652 617 712 *a
639 653 731 733 Trojti
753 651 933 737 digressum,

203 801 206 808 Δ
253 737 343 819 longo
364 739 435 796 mari
453 734 567 795 emenso
585 755 634 814 pet
654 733 776 795 diversas
797 754 934 796 tetrarum

254 839 319 878 oras
330 821 359 877 in
371 818 480 877 ltaliam
492 812 627 876 devenisse
640 839 650 886 3
662 835 694 876 ac
705 814 828 896 primtim
840 814 935 876 Thra-

254 901 328 957 ciam
349 919 384 978 ap
405 896 521 968 uisum,
545 895 657 957 AEnum
685 917 718 955 ex
742 894 792 956 suo
816 897 934 956 nomine

253 978 366 1040 condid'
391 1000 414 1038 e.
439 977 550 1038 Deinde
575 975 690 1060 cogniti
714 975 935 1058 Polymnestoris

251 1059 370 1140 persidii
384 1082 417 1120 ex
431 1059 566 1139 Polydori
581 1079 668 1129 nete,
683 1057 747 1117 inde
765 1055 934 1140 digressum,

253 1145 469 1222 pervesiumque
490 1140 525 1200 ari
550 1139 669 1212 insulem
692 1139 824 1208 Delum,
848 1159 933 1219 atque

254 1221 331 1282 illinc
346 1223 427 1280 abeo
440 1221 587 1280 Lavinium
598 1221 666 1280 Anii
683 1217 834 1280 sacerdotis
845 1220 934 1302 Apol-

253 1300 317 1360 linis
335 1300 422 1360 filiam
444 1304 474 1359 in
492 1302 706 1360 matrimonium
722 1299 879 1372 adscitam,
899 1322 934 1362 ex

254 1386 331 1460 cujus
361 1384 476 1441 nomine
506 1382 630 1441 Lavinia
659 1381 754 1440 littora
780 1382 930 1462 appellata.

253 1459 405 1542 Postquam
418 1464 459 1532 is,
474 1463 562 1520 multa
578 1463 667 1521 maria
684 1459 866 1540 permensus,
881 1484 933 1542 ttp-

252 1539 346 1622 pulsus
366 1545 400 1602 sit
417 1541 453 1602 ad
475 1541 561 1602 Italiae
580 1545 832 1622 promontorium,
853 1543 934 1624 quod

254 1620 293 1682 est
311 1626 341 1684 in
358 1623 464 1701 Baiano
483 1667 492 1693 ‚
512 1627 585 1681 circa
605 1624 711 1682 Averni
731 1625 823 1684 lacum
839 1669 851 1692 ,
869 1625 930 1684 ibi-

275 1725 308 1763 ue
331 1705 545 1786 gubernatorem
573 1702 718 1764 Misenum
745 1705 848 1764 morbo
874 1705 930 1764 ab·

253 1725 419 1863 sumptum,
440 1783 577 1864 sepultum
596 1785 631 1843 ab
652 1805 708 1854 eo,
727 1805 761 1843 ex
782 1789 858 1864 cujus
877 1807 933 1844 no-

253 1867 329 1928 mine
341 1865 437 1924 urbem
451 1863 585 1924 Misenon
599 1866 785 1944 appellatam,
802 1884 832 1923 ut
845 1867 933 1926 etiarn

254 1941 349 2002 scribit
369 1943 463 2004 Caesar
477 1943 685 2006 pontificalium
700 1946 750 2004 lib.
773 1967 794 2005 1.
813 1949 862 2026 qui
883 1965 931 2006 ta-

252 2045 318 2084 men
346 2021 420 2083 hunc
444 2023 589 2084 Misenum
610 2047 669 2085 non
715 2027 910 2086 ubetnatorem
922 2072 933 2099 ,

253 2103 301 2164 sed
319 2105 472 2165 tubicinetn
492 2104 569 2165 fuisse
588 2105 681 2165 tradit.
694 2047 771 2168 inde
793 2129 851 2168 non
871 2110 932 2167 im-

252 2185 354 2246 merito
371 2205 517 2268 utramque
535 2189 701 2267 opinionem
721 2185 827 2250 secutus
847 2187 934 2250 Maro

251 2269 290 2326 sit
310 2269 423 2328 intulit:

290 2370 334 2430 At
339 2371 404 2444 pius
414 2374 518 2430 AEneas
526 2374 631 2450 ingenti
641 2374 709 2432 mole
713 2373 864 2452 fipulcrum

291 2451 412 2524 imponit
422 2498 433 2521 ‚
444 2451 547 2530 suaque
566 2476 644 2512 arma
662 2456 747 2525 viro,
763 2477 933 2534 remumque,

332 2531 479 2609 tubamque.

252 2635 391 2712 Quamvis
402 2639 513 2694 austere
524 2635 655 2701 Homero
670 2638 785 2718 quidam
801 2635 933 2714 asserant,

253 2715 326 2776 tubae
340 2714 420 2775 usum
432 2715 564 2796 Trojanis
584 2719 756 2800 temporibus
767 2721 853 2782 etiarn
868 2739 934 2781 tunc

252 2803 421 2882 ignoratum.

896 2897 935 2958 X.
