2142 3664
49 271 75 320 s

279 333 346 383 na
377 318 710 386 Cassianus,
762 335 826 406 253
898 296 902 300 ’

157 432 288 494 Bassiano
310 437 444 517 genitus,
473 437 521 515 qui
540 453 615 515 patre
638 454 779 504 mortuo,
802 437 833 495 in

159 513 233 574 Solis
262 513 445 574 sacerdotium
463 561 475 584 ‚
501 535 586 595 quem
612 515 832 598 Heliogabalum

158 593 221 674 Syri
237 613 365 664 vocant,
386 614 520 676 tanquam
539 593 647 675 asylum
669 596 834 655 insidiatum
889 659 894 666 ,

158 693 235 733 metu
264 675 458 758 confligeret,
486 673 606 756 hincque
631 675 835 759 Heliogabalus

159 753 280 825 didius3
306 759 489 837 translatoque
512 755 636 814 Romam
659 757 715 815 Dei
743 760 833 816 simu·

159 835 238 894 lacto
272 838 303 894 in
337 837 433 914 palatii
462 835 646 916 penetralibus
681 835 833 915 [palatia]

160 913 312 976 constituit.
330 916 397 976 Hoc
413 919 546 996 impurius
564 937 599 974 ne
618 918 752 996 improbae
772 921 836 998 qui·

162 995 228 1056 dem
244 1016 294 1056 aut
313 997 466 1078 petulantes
487 997 614 1055 mulieres
633 995 710 1056 fuere
727 1021 735 1066 3
755 1000 837 1078 quip-
868 1061 872 1068 ,

161 1097 196 1156 pe
219 1075 291 1135 orbe'
307 1097 369 1136 toro
391 1075 616 1136 obscoenissimos
637 1079 837 1158 perquirebat,

161 1154 282 1217 visendis
299 1156 485 1218 tradlandisve
503 1159 607 1216 artibus
626 1157 776 1233 libidinum
795 1157 838 1216 fe·
893 1209 896 1213 .

162 1237 319 1298 rendarum.
343 1239 412 1298 Haec
434 1237 498 1298 crim
521 1256 687 1320 augerentur
704 1240 737 1310 in
759 1239 837 1312 dies,

162 1338 196 1376 ac
209 1321 300 1399 magis
313 1317 458 1404 magisque
471 1318 642 1388 Alexandri,
658 1339 743 1399 quem
762 1340 839 1379 com-

162 1397 241 1477 perti
258 1399 348 1479 Opilii
366 1420 433 1458 nete
451 1398 591 1459 Caesarem
610 1400 742 1459 nobilitas
760 1422 836 1459 nun·

163 1499 336 1558 cupavetat‚
362 1499 443 1542 amor
465 1481 676 1549 cumularetur,
695 1483 724 1539 in
746 1479 839 1540 castris

163 1557 300 1620 Pretoriis
320 1563 461 1620 tricesimo
481 1561 561 1640 regni
583 1557 679 1618 mense
700 1558 840 1641 oppressus

163 1637 211 1699 est.

203 1719 337 1780 XXIV.
359 1720 515 1801 Statimque
539 1720 654 1779 Aurelio
677 1718 840 1780 Alexandro

162 1799 248 1880 Syriae
261 1819 347 1869 orto,
362 1803 408 1860 cui
425 1801 547 1881 duplex,
565 1798 712 1871 Caesarea,
727 1809 753 1860 ει
767 1801 841 1861 Arca

161 1901 268 1940 nomen
282 1879 341 1950 est,
355 1882 490 1941 militibus
505 1902 562 1963 quo
584 1902 617 1940 ue
631 1881 838 1953 annitentibus,

162 1960 282 2044 Augusti
299 1966 423 2041 potentia
444 1962 543 2022 delata.
563 1901 653 2038 Qui,
677 1983 839 2043 quanquam

164 2041 348 2113 adolescens,
368 2046 483 2125 ingenio
506 2041 585 2122 supra
606 2063 697 2101 aevum
717 2061 839 2113 tamen,

164 2121 312 2182 confestim
331 2143 463 2203 apparatu
484 2143 591 2203 magno
611 2122 717 2180 bellurn
741 2123 842 2182 adver·
910 2137 911 2140 ’

163 2202 225 2262 stim
238 2203 359 2262 Xerxem
373 2201 518 2262 Persarum
538 2221 566 2259 te
588 2221 633 2259 enr
647 2220 763 2273 movet3
782 2221 841 2282 quo

164 2279 228 2342 fuso
257 2281 444 2375 fugatoque,
472 2285 501 2340 in
524 2281 553 2341 G
593 2284 650 2340 iam
676 2283 841 2342 maturrime

164 2363 337 2433 contendit,
358 2383 420 2444 quae
442 2363 651 2424 Germanorum
672 2361 839 2441 direptioni·

164 2443 217 2504 bus
235 2444 400 2504 tentabatur.
418 2444 464 2503 Ibi
480 2443 678 2502 tumultuantes
695 2442 841 2526 legionum

165 2523 310 2604 plerasque
329 2521 549 2584 constantissime
570 2523 693 2601 abjecit,
714 2523 793 2605 quod
811 2527 841 2584 in

166 2602 285 2684 praesens
304 2604 420 2686 gloriae,
440 2625 509 2664 mox
527 2605 612 2662 exitio
630 2603 737 2663 datum.
760 2604 840 2663 Nam

167 2683 236 2744 dum
256 2703 339 2744 untae
362 2682 511 2744 severitatis
528 2687 589 2744 vim
611 2683 713 2743 milites
735 2682 839 2743 inhor-

165 2763 291 2836 tescunt,
305 2764 400 2836 (unde
417 2765 502 2824 etiam
516 2765 610 2824 Severi
620 2783 842 2845 cognomentum

166 2842 333 2921 accesserat)
350 2863 481 2930 agentem
499 2844 564 2906 casu
582 2864 646 2904 etun
662 2847 757 2926 paucis
777 2848 842 2906 vico
