2110 3666
273 324 662 396 Bunvranrurr.
740 331 806 411 369

126 437 219 524 pavit:
230 441 399 504 Corduenos
412 451 439 502 &
453 440 656 502 Marcomedos
675 440 809 504 obtinuit.

125 524 325 584 Antemusiurn
338 569 347 595 ‚
368 525 494 603 opimam
507 523 623 581 Persidis
639 524 783 604 regionem
792 567 807 595 ,

126 603 341 686 Seleuciumque
358 600 615 683 &Ctesiphontem
633 625 666 662 ae
682 603 819 684 Babylo--

125 686 206 744 niam
230 687 338 764 accepit
361 694 388 745 &
410 687 527 754 tenuit;
551 681 637 763 usque
661 683 698 742 ad
718 683 807 745 Indiae

125 763 197 826 lines
223 765 284 845 post
307 765 496 824 Alexandrum
524 767 645 823 accessit.
674 763 709 824 In
733 767 806 828 mari

125 847 213 906 rubro
230 840 341 906 clallem
355 844 480 906 instituit.
499 844 659 905 Provincias
674 841 740 904 fecit
752 845 806 908 Ar·

68 968 70 972 .
124 929 275 998 menium,
301 923 465 1006 Ass'yriam,
486 933 513 984 δι
535 923 619 984 Meso
639 927 776 986 otamiam
788 971 804 1002 ,

125 1027 187 1087 quae
204 1009 275 1066 inter
291 1006 330 1066 Ti
352 1006 441 1066 tidem
455 1024 537 1085 atque
553 946 716 1084 Eupiruten
729 1009 803 1080 sita,

124 1085 238 1171 irriguis
260 1027 415 1157 amnibus,
437 1085 520 1146 instar
538 1081 683 1168 AEgypti,
705 1085 805 1149 fecun-

124 1165 215 1228 datur.
240 1167 418 1228 Hudrianum
441 1167 536 1249 gloriae
555 1165 674 1245 Trajani
697 1185 804 1234 certum

122 1245 164 1308 est
183 1245 334 1318 invidille,
358 1250 408 1329 qui
430 1249 457 1307 ei
477 1245 603 1307 successit
623 1248 653 1306 in
671 1249 803 1328 imperio.

122 1326 184 1391 Hic
201 1326 298 1408 sponte
321 1326 432 1412 proprii
453 1329 589 1388 revocatis
612 1329 802 1403 exercitibus,

124 1408 313 1479 Armenium,
334 1405 596 1487 Mesopotamiam,
616 1417 645 1470 δι
662 1405 802 1490 Allyriam

124 1491 286 1562 concessit,
308 1497 334 1550 δι
362 1492 432 1548 inter
454 1489 601 1548 Romanos
624 1511 659 1549 ae
680 1488 801 1556 Parthos
874 1516 878 1526 ·

123 1571 251 1632 medium
270 1566 431 1649 Euphraten
447 1563 500 1627 ell‘e
515 1569 616 1629 voluit.
632 1580 634 1584 '

162 1651 245 1712 ΧΧΙ.
266 1650 405 1712 Antonini
421 1649 499 1720 duo,
517 1650 633 1709 Marcus
646 1657 673 1709 δι
683 1648 802 1733 Verus,

124 1731 171 1790 ille
198 1729 299 1802 socer,
325 1728 371 1790 hie
396 1747 505 1814 gener,
532 1731 635 1809 pariter
661 1729 769 1814 augusti
784 1776 799 1804 ,

122 1812 273 1894 imperium
295 1812 391 1883 orbis,
415 1807 524 1890 aequati
547 1807 622 1890 priris
641 1809 800 1890 potestate,
842 1863 848 1880 ,

123 1909 277 1954 tenuerunt.
292 1891 348 1954 Sed
361 1913 395 1950 ex
414 1889 457 1951 his
473 1891 634 1950 Antoninus
651 1894 746 1970 junior
761 1891 799 1954 ad
853 1959 856 1966 ,

123 1975 328 2054 expeditionem
338 1970 497 2049 Parthicam
510 1967 647 2051 profedius
659 1971 714 2032 est:
727 1975 800 2036 nul-

122 2071 206 2135 taque
225 2065 252 2116 δι
271 2057 398 2136 ingentia
416 2051 542 2112 adversus
563 2049 660 2124 Persas
680 2051 798 2114 feliciter

120 2139 214 2217 gessit.
238 2135 419 2203 Seleuciam,
444 2129 558 2272 Aliplriae
582 2131 704 2204 urbem,
731 2155 798 2196 cum

120 2216 238 2296 quadris
261 2218 332 2276 entis
350 2213 474 2274 millibus
516 2210 618 2272 ostium
636 2213 730 2293 cepit:
746 2215 796 2274 in-

120 2298 200 2378 genti
218 2237 308 2378 gioriit
329 2295 363 2355 de
383 2295 474 2353 Persis
495 2313 560 2352 cum
576 2289 673 2352 socero
695 2293 797 2356 triurn-

118 2373 226 2458 phavit.
247 2377 400 2455 Septimius
416 2374 531 2453 Severo
541 2420 554 2442 ,
572 2373 688 2434 natione
701 2373 797 2450 Afer,

119 2459 268 2517 acerrimus
287 2460 459 2537 imperator,
479 2449 598 2514 Parthos
609 2451 796 2519 strenuissimb

119 2539 211 2608 vicit3
232 2535 533 2606 Adiabenosdelevit,
552 2533 660 2594 Arabas
674 2535 794 2597 interio-

119 2638 163 2677 res
176 2619 300 2678 obtinuit
311 2627 364 2688 „dt
377 2617 513 2678 Arabiam
527 2615 702 2695 provinciam
718 2613 795 2680 fecit.

119 2697 197 2758 Huic
215 2700 389 2780 cognomina
405 2718 440 2756 ex
451 2696 575 2756 victoriis
590 2699 704 2776 quaesita
721 2694 807 2765 sunt..

82 2832 84 2837 .
118 2778 199 2858 Nam
212 2776 356 2840 Parthicus
369 2823 379 2849 ,
393 2777 605 2846 Adiabenicus,
619 2785 647 2836 δι
659 2775 797 2840 Arabicus

117 2857 159 2922 est
187 2861 412 2944 cognominatus.
438 2857 600 2922 Antoninus
624 2855 769 2920 Bassianus
782 2903 797 2932 ,

607 2935 676 3014 Qv
