2110 3666
240 351 308 418 340
356 323 482 396 Aua.
511 325 790 397 Vtcroats

237 467 328 532 neque
348 445 487 528 plerisque
526 443 647 532 tasagiis
660 491 670 516 ,
685 446 789 528 quibus
806 445 924 506 vetaba-

237 551 282 590 tur
306 549 396 610 petete
420 466 590 599 Petsitlem,
614 527 748 588 adductus
774 529 810 588 sit
835 525 922 587 finem

238 629 343 692 ponere
361 609 474 679 atdoti3
495 629 527 668 ac
550 629 586 668 ne
606 611 694 669 noelu
714 607 831 690 quidem
847 607 924 668 visus

238 693 339 774 ingens
365 690 467 775 globus
490 690 563 750 coelo
584 689 643 755 labi
668 708 733 750 ante
756 689 834 750 diem
855 690 924 750 belli

239 791 353 833 cautum
373 769 534 853 praestiterit.

279 853 388 914 XLIV.
412 854 548 913 Iovianus
572 853 683 946 genitus
703 871 781 934 patre
805 853 922 914 Varro-

237 937 326 996 niano
346 937 377 994 in
395 929 457 994 solo
471 937 534 1018 agti
554 933 768 1028 singidonensis
781 979 791 1005 ,
803 936 923 1014 provin·

238 1019 288 1076 ciae
302 1017 467 1086 Pannonias,
483 1017 632 1097 imperavit
645 1013 754 1074 menses
763 1018 840 1076 octo.
855 1015 926 1096 Ejus

239 1101 331 1180 patri,
349 1095 414 1156 etim
429 1097 534 1156 liberos
550 1095 660 1156 crebros
672 1099 837 1167 amitteret,
854 1117 927 1178 pra-

239 1199 354 1260 ceptum
381 1175 494 1237 somnio
517 1175 580 1248 est,
602 1197 686 1248 eum,
730 1180 759 1236 ui
781 1182 840 1257 jam
861 1176 925 1237 ins-

240 1279 318 1320 tante
339 1261 433 1318 uxoris
455 1277 536 1338 partu
559 1256 682 1318 edendus
704 1198 801 1328 litet,
821 1258 928 1320 diceret

239 1342 404 1402 Jovianum.
427 1337 484 1399 Hic
508 1335 563 1397 fuit
585 1341 704 1422 insignis
725 1359 861 1419 corpote,
882 1341 928 1400 lae·

240 1443 285 1484 tus
303 1422 440 1504 ingenio,
456 1420 610 1480 littetatum
623 1417 771 1480 studiosus.
785 1421 843 1480 Hic
857 1421 928 1483 dum

240 1501 407 1574 eueniat,
427 1498 521 1561 hieme
540 1497 637 1580 asperi
654 1500 824 1584 mediique,
846 1501 929 1564 Con.

241 1583 457 1666 stantinopolim
476 1582 652 1653 accelerans,
671 1582 806 1642 cruditate
825 1582 930 1644 stoma-

243 1665 312 1738 chi,
328 1666 450 1727 testotio
463 1666 533 1726 novi
545 1665 636 1746 operis
649 1684 782 1746 gravatus
803 1663 926 1745 [ellst‚]

244 1749 358 1830 tepente
392 1747 527 1822 interiit,
555 1766 644 1806 annos
671 1765 771 1830 gerens
799 1749 931 1828 proxime

243 1829 441 1968 quadraeinta.

285 1910 345 1972 XL
368 1911 392 1969 s.
418 1907 639 1970 Valentinianus
666 1911 816 1990 imperavit
839 1931 932 1973 annos

244 1990 420 2076 duodecim,
442 1992 535 2051 minus
563 1988 661 2050 diebus
690 2011 812 2052 centum.
837 1991 932 2071 Hujus

245 2093 324 2157 patet
341 2071 495 2134 Gratianus
513 2070 653 2132 mediocri
664 2069 748 2154 stirpe
764 2092 841 2133 ortus
857 2075 934 2155 apud

247 2154 385 2226 Cibalas,
399 2153 536 2216 Funatius
548 2153 702 2235 appellatus
715 2152 771 2226 est,
786 2153 838 2224 εὸ,
853 2153 935 2236 quod

249 2237 421 2298 venalicium
440 2232 539 2294 funem
560 2237 683 2316 portanti
704 2237 829 2318 quinque
850 2234 934 2296 mili-

248 2337 290 2380 tes
312 2319 460 2399 nequitent
481 2334 652 2398 extorquere.
674 2316 720 2389 Eo
740 2319 841 2376 merito
863 2314 934 2377 ads-

249 2401 322 2460 citus
344 2402 375 2464 io
402 2397 560 2468 militiam,
588 2395 675 2478 usque
704 2395 741 2457 ad
768 2395 937 2477 praefetturae

250 2483 422 2563 pretorianae
443 2481 599 2559 potentiam
621 2475 806 2549 conscendit3
825 2479 865 2538 ob
884 2500 938 2538 cu-

249 2567 294 2644 jus
314 2559 389 2641 apud
409 2559 513 2619 milites
539 2558 840 2632 commendationem,
867 2559 936 2620 Va-

252 2643 408 2715 lentiniano
437 2640 591 2721 Imperium
620 2638 754 2700 resistenti
780 2643 937 2724 oggeritur.

252 2724 311 2786 Hic
332 2723 487 2790 Valentem
508 2720 613 2784 consati
635 2723 750 2782 uineum
776 2719 858 2782 suum
882 2724 939 2782 sibi

254 2805 363 2868 socium
388 2807 418 2865 in
441 2804 566 2884 Imperio
586 2826 603 2864 a
625 2802 734 2875 scivit,
763 2823 796 2862 at
821 2799 940 2866 demum

254 2888 427 2949 Gtatianum
452 2883 568 2954 lilium,
595 2883 715 2944 necdum
739 2883 822 2964 plene
844 2885 938 2964 pube-

256 2988 338 3044 tem,
357 2964 471 3038 hottatu
494 2965 588 3030 soeriis
612 2975 639 3028 &
661 2969 756 3032 uxoris
777 2963 940 3049 Augustum
