2134 3668
287 339 473 410 Lr'rn'n
514 339 650 410 VIII.
763 356 807 438 95

130 475 164 520 ut
173 457 284 520 Punicis
297 458 480 532 conferatut3
501 480 569 520 nam
588 459 623 520 ed
643 462 754 545 gravius
772 459 811 522 est

131 540 261 614 factum,
283 539 362 623 qudd
379 543 499 601 universi
517 544 649 602 exercitus
664 545 810 622 perierant.

132 623 191 683 Sub
204 621 260 682 hoc
276 625 352 682 enim
367 641 460 684 tantus
474 621 551 682 casus
563 621 722 702 pestilentia
741 623 810 698 fuit,

133 723 165 762 ur
191 702 253 784 post
279 706 428 764 victoriam
453 703 624 776 Persicam,
651 704 751 764 Romae
777 725 811 764 ac

132 805 181 866 per
205 785 319 845 Italiam
346 784 584 866 Provinciasque,
607 789 731 850 maxima
751 783 810 844 ho-

132 869 244 926 minum
264 887 347 946 pars,
369 868 491 926 milimm
517 886 616 926 omnes
641 865 698 932 ‚fere
726 869 812 948 copia

132 947 182 1007 lan
204 967 271 1006 uote
286 945 445 1008 defecerint.

96 1045 99 1052 ’
175 966 275 1090 illl.
297 1029 409 1113 Ingenti
428 1049 496 1113 ergo
513 1026 609 1110 labore
633 1037 659 1090 δε
682 1027 814 1094 modera-

108 1163 111 1168 .
134 1111 213 1170 tione
235 1109 298 1172 crim
324 1111 398 1192 apud
415 1110 594 1173 Carnuntum
615 1113 676 1193 jugi
692 1113 813 1170 triennio

133 1190 340 1272 perseverasset,
356 1193 460 1254 bellum
470 1193 736 1252 Marcomannicum
748 1212 815 1252 con·

136 1271 227 1344 fecit3
252 1277 330 1356 quod
355 1295 419 1334 eum
446 1271 489 1332 his
514 1272 633 1350 Quadi,
658 1271 814 1349 Vandali,

136 1353 293 1428 Sarmatae,
320 1359 428 1426 Suevi,
458 1373 540 1435 atque
566 1356 661 1413 omnis
684 1353 815 1414 barbaria
899 1356 902 1362 ’

136 1453 330 1498 commoverat
348 1460 354 1492 ε
372 1438 461 1496 muita
482 1432 631 1494 hominum
654 1433 742 1496 miliia
761 1437 812 1493 in·-

135 1515 244 1578 terfecit
266 1541 273 1576 :
296 1541 329 1579 ac
355 1517 508 1576 Pannoniis
530 1514 642 1574 servitio
667 1515 813 1588 liberatis,

136 1595 238 1658 Rornae
256 1597 346 1660 rursus
372 1619 436 1656 cum
453 1595 621 1657 Commodo
641 1594 814 1668 Antonino,

134 1675 198 1736 filio
224 1677 299 1748 suo,
328 1699 411 1762 quem
437 1682 495 1758 jam
518 1674 659 1738 Caesarem
688 1673 814 1753 fecerat,

137 1757 331 1840 triumphavit.
354 1759 400 1820 Ad
421 1755 502 1837 hujus
526 1757 594 1824 belli
614 1753 695 1816 usum
719 1759 815 1819 aratio

138 1837 295 1911 exhausto,
312 1839 376 1901 crim
391 1841 553 1923 largitiones
571 1837 661 1897 nullas
677 1834 815 1910 haberer,

136 1941 229 2002 neque
249 1922 370 1982 indicere
395 1919 610 2002 provincialibus
633 1937 680 1979 aut
701 1918 817 1980 Senatui

138 2002 247 2084 aliquid
259 2004 364 2077 vellet,
383 2001 595 2063 instrumentum
613 2001 683 2080 regii
701 1997 789 2066 cultris
804 2044 817 2070 ,

138 2083 216 2144 faeti
235 2088 264 2145 in
284 2085 347 2146 foro
366 2085 436 2146 Divi
454 2083 571 2162 Trajani
590 2079 736 2150 semime,
760 2077 816 2138 dis-

138 2171 248 2226 traxit:
267 2165 334 2228 vasa
359 2187 462 2236 autea,
486 2164 587 2244 pocula
611 2158 817 2240 crystallina&

139 2245 307 2319 murrhina,
330 2249 457 2307 uxoriam
483 2265 516 2302 ac
542 2242 621 2302 suant
648 2238 763 2300 sericam
789 2249 817 2300 &

139 2349 254 2390 auream
277 2326 409 2400 vestem,
435 2326 524 2386 multa
545 2340 710 2388 ornamenta
722 2341 815 2462 pem.-

139 2431 251 2471 marum
271 2434 277 2468 ε
295 2432 327 2470 ac
344 2431 390 2492 per
405 2407 475 2468 duos
489 2406 636 2466 continuos
656 2423 763 2464 menes
783 2423 816 2464 ea

105 2537 109 2545 .
138 2493 268 2552 venditio
291 2490 388 2551 habita
408 2487 470 2560 est,
493 2487 669 2565 multumque
696 2487 755 2544 auti
773 2504 817 2540 te-

140 2573 265 2634 dactum.
286 2571 351 2633 Post
369 2571 517 2632 vidioriam
533 2587 628 2626 tamen
645 2565 817 2645 emptoribus

118 2658 229 2736 rpretia
246 2651 382 2723 restituit,
401 2654 451 2733 qui
466 2648 577 2709 reddere
591 2664 753 2726 comparata
767 2665 818 2703 vo·

139 2739 277 2798 luerunt:
300 2731 431 2796 molestus
453 2731 525 2792 nulii
544 2727 620 2800 fuir,
644 2729 694 2811 qui
716 2725 819 2786 maluit

140 2820 227 2885 semel
243 2833 337 2896 empta
353 2817 476 2875 retinete.

182 2901 265 2966 XIV.
284 2898 342 2960 Hic
357 2896 482 2980 permisit
501 2893 568 2954 viris
586 2889 769 2960 clarioribus,
786 2903 818 2947 ut
867 2955 874 2967 ·
946 2953 948 2962 Ι
