2060 3662
318 307 500 374 Lrarru
545 304 616 374 VI.
759 265 834 390 67¹

126 423 223 502 Quare
247 422 277 482 id
302 423 408 482 bellum
430 421 488 483 Cn.
508 422 646 502 Pompeio
665 419 806 480 decretum

124 503 165 563 est
176 527 186 574 5
207 503 285 586 quod
302 506 374 563 intra
398 525 501 582 paucos
523 501 632 562 menses
650 504 759 586 ingenti
779 513 805 562 δι

124 583 259 645 felicitate
278 594 306 646 &
326 585 465 644 celeritate
482 583 614 644 confecit.
629 583 702 644 Mox
717 585 743 642 ei
757 581 806 643 de-

123 668 214 726 latum
235 667 342 726 bellum
364 667 450 724 etiam
473 686 569 726 contra
584 687 612 724 re
635 685 680 746 ern
693 661 809 726 Mithri·
865 699 866 708 κ

124 747 221 808 darem
245 748 452 832 &Tigranem
477 771 483 804 ε
504 769 562 828 quo
578 686 722 826 indepto,
745 747 807 806 Mi-

126 827 281 890 thridatem
305 829 334 888 in
360 826 495 889 Armenii
522 829 637 888 Minore
669 829 808 888 nosturno

124 912 224 992 praelio
248 910 318 970 vicit
330 955 342 979 ,
363 907 448 970 castra
466 907 602 989 diripuit:
622 908 808 992 quadraginta
843 939 846 944 ·

126 991 256 1050 millibus
282 995 342 1068 ejus
371 991 490 1061 occisis,
511 991 615 1072 viginti
641 987 750 1048 tannim
774 989 809 1051 de

89 1100 101 1122 ·.
128 1073 251 1130 exercitu
267 1067 319 1130 suo
331 1069 469 1150 perdidit,
485 1078 513 1132 &
527 1069 598 1130 duos
612 1069 808 1132 Centuriones.

126 1149 311 1214 Mithridates
334 1173 399 1210 cum
416 1155 507 1211 'uxore
529 1151 560 1212 fu
582 1153 623 1222 it,
647 1159 675 1212 δι
701 1149 810 1210 duobus

128 1233 301 1294 comitibus:
315 1253 406 1314 neque
421 1233 510 1292 multo
527 1172 607 1314 poli,
622 1231 686 1292 crim
697 1233 727 1292 in
742 1229 807 1292 suos

128 1312 256 1384 saeviret,
283 1311 434 1389 Pharnacis
456 1311 575 1374 lilii‘sui
601 1313 676 1393 apud
704 1313 809 1374 milites

129 1394 286 1466 seditione,
306 1395 343 1456 ad
365 1416 486 1456 mortem
511 1398 644 1466 coaetus,
668 1415 810 1454 venenum

128 1473 230 1538 hausit.
251 1477 338 1537 Hunc
363 1475 451 1536 finem
472 1473 573 1537 habuit
597 1471 779 1537 Mithridates
803 1497 810 1532 ε

128 1560 211 1654 periit
231 1577 325 1618 autern
344 1558 418 1638 apud
431 1555 610 1638 Bosporum,
633 1557 675 1615 vir
690 1557 813 1638 ingentis

130 1637 271 1698 tndustriae
289 1640 465 1718 consiliique.
483 1637 626 1720 Regnavit
643 1631 723 1696 annis
738 1633 815 1696 sexa·

154 1720 333 1794 inta3pvi1it
353 1716 448 1799 septua
471 1719 529 1776 inta
554 1717 689 1776 duobus:
718 1735 815 1776 contra

130 1741 280 1862 homanos
292 1799 397 1860 bellum
410 1739 509 1858 hahuit
519 1799 599 1858 annis
613 1797 810 1880 quadraginta.

172 1881 254 1942 XIII.
276 1880 399 1963 Tigrani
418 1879 518 1940 deinde
535 1879 686 1959 Pompeius
706 1879 812 1938 bellurn

134 1962 233 2022 intulit
252 1960 362 2021 :illese
380 1963 406 2020 ei
426 1961 521 2032 dedit,
536 1969 562 2020 &
574 1961 603 2019 in
622 1957 709 2020 castra
726 1959 816 2020 Pom·

131 2045 190 2126 peii
220 2040 426 2104 sexto-decimo
456 2042 590 2102 millia-rio
616 2041 652 2101 ab
678 2038 828 2102 Artaxati'

131 2125 210 2185 verrit
224 2145 232 2181 t
246 2145 279 2184 ac
298 2123 429 2184 diadema
449 2121 551 2194 suum,
570 2120 634 2180 crim
652 2117 816 2200 procubuiI-

133 2203 175 2265 set
198 2205 234 2267 ad
253 2226 345 2287 genua
364 2205 519 2284 Pompeii,
550 2204 579 2260 in
604 2202 734 2260 manibus
761 2203 816 2280 ipsi

132 2287 287 2346 collocavit
313 2308 320 2342 :
344 2284 422 2366 quod
447 2286 473 2342 ei
496 2281 647 2362 Pompeius
670 2277 815 2362 reposuit,

135 2364 348 2448 honorificeque
371 2386 436 2425 eum
454 2362 600 2434 habitum,
622 2365 702 2446 regni
720 2383 817 2424 tamen

135 2467 215 2530 parte
225 2449 357 2508 multavit
369 2493 377 2518 ‚
390 2445 490 2530 grandi
500 2455 527 2506 δι
537 2443 654 2524 pecunii
664 2467 674 2516 3
684 2443 829 2524 adempta

133 2528 174 2589 est
192 2531 219 2588 ei
237 2529 336 2611 Syria,
349 2525 506 2598 Phoenice,
521 2524 651 2606 Sophene
667 2521 735 2606 :ser
746 2527 817 2585 mll-

134 2611 175 2672 lia
195 2629 324 2692 praterea
344 2609 512 2670 talentorum
531 2599 659 2690 argenti,
680 2629 741 2687 quae
759 2607 819 2666 Po·

134 2691 203 2774 pulo
232 2691 366 2750 Romano
399 2689 499 2761 daret,
528 2691 595 2770 quia
625 2686 731 2748 bellurn
759 2689 818 2747 sine
903 2741 905 2746 .

137 2772 222 2836 causi
243 2771 383 2832 Romanis
409 2766 612 2832 commovisset.

177 2854 281 2918 XIV.
309 2853 460 2935 Pompeius
483 2873 551 2914 mox
581 2851 668 2912 etiam
696 2847 817 2912 Albanis
