2134 3668
283 328 348 392 ¹42
423 303 806 375 AnnVrcnoms

279 421 433 507 admugiffe
455 471 464 496 ,
485 444 568 506 atque
593 427 632 484 ita
657 423 764 484 furtum
794 423 962 486 detestum:

278 505 484 586 interfeoioque
502 505 603 576 Caco,
621 505 806 575 Evmdmm,
826 523 857 562 re
878 527 964 565 eom-

279 586 378 668 perti,
402 584 506 666 hospiti
523 585 640 646 obviim
658 582 754 655 iviss'e,
771 603 934 667 gratuitem
948 631 961 654 ‚

279 665 359 748 quod
384 686 463 727 tanto
491 667 568 726 maio
602 664 670 725 fines
697 664 761 724 suos
786 663 926 725 Iiberaiss'et
948 711 960 734 ,

280 767 500 829 compertoque,
515 747 616 828 quibus
626 747 785 826 parentibus
799 765 877 806 ortus
893 745 963 806 effer

279 827 432 900 Hercules,
446 850 505 887 rem
519 832 578 896 ita,
592 829 632 886 uti
647 845 707 886 erat
719 824 815 908 gesta,
834 827 870 886 ad
883 828 905 886 F
906 850 961 888 au-

280 930 349 969 num
389 906 515 970 extulisse.
531 908 610 968 Tum
630 929 695 968 eum
717 928 830 988 quoque
851 911 958 968 amici·

218 997 219 1001 ’
280 993 349 1052 tiam
367 931 498 1050 Ilerculis
513 988 689 1070 cupidissime
706 1010 722 1046 a
742 985 844 1066 petiise.
858 989 960 1065 Quam

279 1074 444 1151 opinionem
465 1069 543 1151 sequi
562 1072 660 1128 metuit
679 1009 770 1128 nolier
785 1069 882 1128 Maro.

282 1223 285 1230 Ι
321 1152 413 1212 VIII.
434 1149 510 1212 Ctim
527 1171 594 1232 ergo
613 1150 794 1220 Recarnnus,
808 1151 864 1208 sive
879 1149 959 1209 Her-

281 1233 372 1302 cules,
386 1232 461 1290 Patri
470 1232 614 1291 Inventori
627 1251 704 1290 aram
716 1230 875 1290 Maximam
889 1253 959 1292 con-

232 1311 236 1316 ’
280 1308 425 1382 secriiset,
444 1311 513 1371 duos
531 1333 564 1370 ex
578 1308 680 1379 Italia,
696 1331 768 1390 quos
786 1310 889 1376 eadem,
903 1307 955 1372 sa-

280 1413 327 1450 cra
344 1411 420 1452 certo
437 1395 493 1450 ritu
509 1389 728 1452 administranda
740 1389 886 1461 edoceret,
904 1392 957 1451 ad-

280 1469 382 1542 scivit,
401 1473 537 1534 Potitium
556 1481 583 1532 Bt
603 1472 757 1532 Pinarium.
779 1472 834 1531 Sed
855 1493 956 1534 eorum

279 1551 408 1623 Potitio,
425 1556 474 1647 qui
491 1557 567 1634 prior
580 1571 713 1624 venerat,
728 1551 764 1612 ad
779 1553 955 1614 comedenda

279 1652 345 1693 exta
368 1631 486 1694 admrIIo
507 1680 516 1705 ,
541 1635 667 1693 Pinarius
690 1654 724 1692 eo
748 1631 825 1714 quod
851 1634 957 1696 tardiiis

280 1713 420 1786 venisset,
463 1713 598 1796 osterique
622 1719 681 1794 ejus
704 1712 854 1787 submoti3
880 1715 955 1776 unde

213 1872 215 1876 .
279 1792 421 1876 hodieque
440 1737 571 1856 iirvatur.
591 1795 708 1857 Nemini
725 1796 842 1855 Pinariae
863 1799 955 1877 gentis

242 1929 243 1938 ,
280 1879 311 1934 in
330 1879 369 1936 eis
390 1874 473 1935 sactis
493 1875 568 1936 vefci
588 1877 652 1934 licet
667 1899 673 1933 ε
688 1875 801 1957 Eosque
823 1877 879 1935 aiio
900 1898 956 1936 vo-

280 1956 381 2016 cabulo
411 1953 485 2034 priris
510 1958 662 2036 appellatos
688 1959 817 2016 nonnulii
844 1959 959 2020 volunt.

279 2033 346 2096 Post
364 2035 432 2094 vero
452 2037 577 2096 Pinarius
595 2037 684 2097 distes
696 2036 754 2098 ἀπὸ
774 2039 809 2098 ri
830 2040 954 2112 πεινᾶν,

281 2116 360 2197 quod
377 2116 506 2176 videlicet
521 2121 628 2196 jejuni,
644 2139 676 2178 ac
693 2139 741 2198 per
759 2116 814 2178 hoc
833 2117 955 2179 esurien-

280 2217 321 2258 tes
339 2198 376 2258 ab
392 2196 529 2277 ejusmodi
547 2196 688 2258 sacrificiis
703 2197 853 2258 discedant.
871 2197 953 2282 Isque

280 2301 344 2340 mos
370 2283 520 2359 permansit
541 2277 627 2360 usque
653 2281 775 2360 Appium
798 2280 953 2343 Claudium

279 2358 463 2430 Censorem,
481 2380 512 2419 ut
530 2359 639 2420 Potitiis
661 2358 738 2420 sacra
762 2359 951 2434 facientibus,

279 2437 507 2521 vescentibusque
524 2439 559 2499 de
577 2461 611 2498 eo
631 2442 725 2511 bove,
745 2463 830 2523 quem
847 2448 953 2502 immo-

280 2523 425 2592 laverant,
441 2520 587 2602 postquam
601 2520 665 2580 inde
678 2519 750 2602 nihil
768 2520 953 2604 reliquissent,

279 2601 384 2661 Pinarii
394 2601 493 2660 deinde
507 2601 724 2662 admitterentur.
737 2604 846 2663 Verum
861 2604 955 2684 postea

280 2684 387 2761 Appius
408 2681 543 2742 Claudius
566 2681 678 2763 accepti
697 2683 814 2763 pecunii
836 2685 955 2745 Potitios

280 2765 369 2824 illexit
381 2808 390 2832 ‚
405 2781 435 2821 ut
446 2761 713 2824 administrationem
726 2763 866 2826 sacrorum
878 2765 955 2825 Her-

282 2844 350 2906 cuIis
374 2841 465 2904 servos
490 2845 616 2924 publicos
637 2845 806 2918 edocerent,
822 2868 874 2907 nec
896 2869 957 2908 non
