2142 3664
259 305 331 370 ,242
413 279 532 352 Aoi.
562 281 773 350 Victo&

262 405 331 467 cari.
350 400 451 482 Neque
475 399 565 460 multo
589 397 649 478 post
675 399 749 460 aud
767 399 851 458 Baias
877 400 942 460 tabe

262 483 388 552 interiit,
405 502 481 540 anno
495 481 605 560 imperii
617 526 626 551 ‚
644 419 751 562 abgue
764 478 883 553 mense,
901 485 944 540 vi-

189 560 192 580 '
262 565 367 622 cesimo
385 559 531 631 secundo,
548 559 659 620 seneffia
677 561 818 621 viridiore.
835 561 876 621 At
888 561 942 622 Pa-

262 662 315 702 tres
330 663 365 700 ne
380 638 514 722 principis
527 659 607 700 oratu
622 641 737 722 quidem
753 642 789 701 ad
801 643 872 702 Divi
887 639 942 701 ho-

261 743 359 782 norem
372 721 462 783 eidem
475 721 655 782 deferendum
666 721 866 792 flectebantun
882 742 942 784 tan-

263 801 324 862 nim
336 799 448 863 amiffos
460 800 502 862 sui
516 803 621 862 ordinis
635 814 678 862 tot
688 803 765 864 vitos
776 804 940 864 moerebant.

262 883 318 946 Sed
344 882 491 964 postquam
519 879 612 942 subiti)
637 884 788 962 prodiere,
820 905 941 964 quotum

264 967 380 1024 exitium
392 963 552 1037 dolori,3tat
566 1009 574 1034 ,
588 964 693 1043 quique
704 961 768 1026 suot
779 964 941 1044 complexi,

263 1043 376 1106 censent
391 1045 469 1128 quod
486 1046 648 1105 abnuerant.

315 1126 393 1186 XV.
427 1127 542 1186 Aurelio
574 1127 722 1186 Antonino
760 1147 941 1208 cognomen-

263 1227 324 1268 tum
344 1207 397 1266 Pii.
422 1207 508 1268 Hunc
531 1206 588 1266 fere
612 1207 688 1266 nulla
711 1209 844 1266 vitiorum
863 1208 944 1270 labes

263 1289 425 1350 maculavit.
441 1288 496 1346 Vir
516 1290 668 1347 veterrimae
688 1285 803 1346 familiae
814 1332 824 1358 ,
844 1288 859 1346 e
879 1289 942 1348 La-

264 1369 371 1428 nuvino
396 1369 576 1446 municipio,
600 1367 718 1428 Senator
744 1368 844 1438 utbis3
867 1369 941 1430 adeo

264 1449 404 1528 aequaiis,
430 1445 578 1528 probisque
607 1447 761 1518 motibus,
789 1449 830 1508 uti
858 1450 944 1528 piane

265 1529 413 1599 docuerit,
435 1549 524 1610 neque
540 1529 600 1611 jugi
614 1550 706 1608 pace,
730 1550 762 1589 ac
778 1530 826 1588 lon
848 1551 866 1588 o
880 1533 943 1590 otio

263 1609 393 1672 absoluta
407 1611 521 1694 ingenia
536 1611 697 1688 corrumpi,
723 1631 812 1690 eoque
826 1550 943 1672 §einum

264 1691 419 1754 fortunatas
440 1693 519 1750 urbes
541 1689 625 1760 fote,
649 1692 672 1750 si
691 1711 778 1774 regna
801 1689 944 1770 sapientiae
1009 1721 1011 1727 ·

264 1775 320 1834 sint
336 1796 343 1828 :
358 1773 477 1850 denique
491 1773 592 1841 annis,
613 1770 715 1851 quibus
736 1771 846 1850 publica
859 1775 942 1854 egit,

264 1854 294 1910 vi
315 1854 387 1922 inti,
412 1851 487 1910 idem
511 1853 637 1922 mansit,
663 1851 801 1910 ieiebrato
822 1856 941 1934 magni-

264 1873 318 1992 ficge
333 1932 419 1993 Urbis
436 1934 660 2014 nongentesimo.
677 1932 741 1992 Nisi
759 1931 830 1992 forte
846 1935 944 1992 trium-
989 1953 990 1958 ¹

285 2010 384 2072 horum
400 2031 561 2092 expertem,
575 2011 707 2072 socordiae
720 2013 848 2084 videtut3
863 2013 944 2094 quod

263 2034 352 2178 {onge
379 2091 454 2154 secus
478 2091 537 2164 est,
562 2091 625 2152 etim
648 2097 738 2172 majus
762 2091 942 2159 hauddubie

265 2196 302 2236 sit
313 2221 323 2248 ‚
343 2195 434 2256 neque
445 2195 529 2254 quem
552 2196 616 2234 uam
631 2176 739 2232 turbare
751 2172 848 2234 ausum
861 2197 943 2235 cotn-

265 2259 378 2336 posita,
400 2276 489 2335 neque
503 2197 593 2335 ipiium
608 2252 765 2315 ostentandi
777 2252 819 2314 sui
835 2255 943 2316 bellum

266 2334 358 2396 feciffe
381 2337 482 2474 ffitietis
503 2335 640 2418 gentibus.
665 2336 830 2411 Quinetiam
855 2337 944 2394 mari-

266 2417 319 2476 bus
336 2415 380 2476 fru

265 2497 386 2558 saltavit.

305 2577 387 2637 XVI.
410 2576 543 2655 Namque
560 2577 604 2635 M.
619 2577 791 2656 Bojonium,
812 2578 862 2658 qui
881 2576 943 2636 Au-

265 2659 346 2720 telius
358 2658 517 2720 Antoninus
536 2654 673 2726 habetur,
690 2657 791 2716 eodem
809 2658 941 2738 oppido,

264 2742 324 2820 pari
343 2739 511 2808 nobilitate,
534 2735 752 2817 philosophandi
772 2736 859 2807 vero,
880 2740 942 2796 elo·

265 2822 438 2903 quentiaeque
463 2817 558 2878 studiis
578 2819 664 2900 longe
690 2816 883 2898 praestantem,
911 2821 942 2878 in

417 2434 500 2486 atuS,
519 2414 582 2476 ffliae
599 2418 659 2476 viro
675 2416 846 2496 Reipublicae
865 2437 941 2476 con-
