2134 3668
282 347 416 419 Ortro'o
438 345 600 428 Gensis
617 345 726 418 Rom.
781 347 845 435 14'9

166 486 227 542 tat,
238 465 389 530 Lavinium
401 469 623 551 cognominavit.
633 469 674 528 At
683 462 751 527 vero
760 465 849 532 Ama-r

166 569 225 611 tam
237 552 332 610 Latini
345 552 419 632 regis
432 569 548 608 uxorem
561 595 572 618 ,
588 547 651 610 crim
663 547 778 631 indigne
790 546 846 624 ser-

165 651 207 691 ret
226 678 237 700 ,
257 633 406 690 Lavinium
420 675 432 698 ,
453 629 598 710 repudiato
616 629 716 688 Turno
737 627 843 688 conso-

165 712 247 772 brino
272 709 344 779 suo,
364 709 494 788 Trojano
518 709 630 770 advenae
649 711 843 785 collocatam,

164 791 297 851 Turnum
309 790 344 849 ad
355 811 433 849 arma
443 787 637 862 concitavissc3
648 811 767 872 eumque
777 813 845 850 mox

166 876 266 932 coacto
290 870 457 929 Rutulorum
479 873 626 940 exercitu,
650 865 791 930 tetendisse
815 873 846 930 in

166 973 267 1035 agrum
289 953 483 1020 Laurentem,
506 959 533 1009 &
555 951 683 1011 adversus
700 972 764 1010 eum
788 947 845 1010 La-

109 1052 111 1056 ·
166 1037 258 1092 tinum
277 1033 379 1110 pariter
399 1052 463 1090 cum
474 1029 569 1092 AEnesa
589 1028 776 1114 progressum,
795 1034 843 1090 in-

166 1131 208 1172 ter
231 1113 383 1193 prasianres
405 1115 626 1172 circumventum
652 1109 841 1192 occisumque.

166 1193 229 1254 Nec
251 1212 345 1252 tamen
362 1189 467 1268 ¹amisso
489 1191 588 1252 socero
607 1191 716 1254 AEneas
735 1191 845 1253 Rutulis

166 1271 297 1333 obsistere
318 1273 419 1342 desiit,
437 1295 503 1333 nam
525 1295 559 1332 ue
575 1283 601 1334 &
617 1273 748 1334 Turnum
767 1275 844 1334 inte-

165 1357 257 1415 remit.
275 1354 409 1414 Hostibus
425 1353 494 1414 fusis
505 1296 669 1437 sugatisque
684 1357 776 1415 victor
791 1355 847 1415 La·

164 1439 274 1496 vinium
292 1434 320 1495 se
343 1457 408 1494 cum
429 1433 483 1494 suis
505 1439 634 1516 recepit,
655 1433 846 1518 consensuque

166 1520 296 1576 omnium
312 1517 478 1580 Latinorum
491 1515 553 1574 Rex
573 1515 727 1576 declaratus
745 1515 785 1575 est
797 1536 847 1576 :ut

124 1637 127 1642 -
165 1595 261 1656 scribit
281 1597 406 1655 Lutatius
423 1597 474 1654 sib.
502 1615 526 1669 3.
547 1593 612 1653 Piso
631 1596 745 1675 quidem
766 1596 845 1656 Tur-

166 1699 236 1736 num
254 1675 419 1735 matruelem
437 1676 547 1734 Amatae
568 1672 645 1733 fuisse
667 1677 774 1752 tradit,
796 1681 844 1736 in-

167 1755 340 1837 terfesioque
351 1757 475 1828 Latino,
495 1775 615 1814 mortem
631 1754 722 1838 ipsam
735 1757 847 1818 sibimet

167 1835 336 1897 conscivisse.

208 1917 299 1978 XIV.
322 1919 411 2001 Igitur
430 1916 579 1990 AEneam‚
603 1918 698 1980 occiso
720 1919 819 1982 Turno
833 1969 845 1992 ,

166 2019 256 2058 rerum
271 2002 391 2080 potitum
406 2022 416 2070 3
437 1998 500 2059 etim
514 1998 605 2061 adhuc
619 2003 721 2060 irarum
736 2023 847 2061 memor
916 2041 918 2050 ι

167 2079 286 2140 Rutulos
297 2081 373 2140 besso
386 2079 512 2163 persequi
525 2079 698 2152 instituisset,
716 2083 779 2142 ilsos
792 2083 846 2141 sibi
882 2143 888 2155 ,

168 2181 200 2218 ex
218 2160 329 2220 Etrurii
351 2162 486 2219 auxilium
506 2161 644 2220 Mezentii
667 2183 694 2219 re
717 2162 738 2221 is
757 2163 844 2244 Agil-

149 2240 282 2300 'laeorum
299 2238 465 2312 adscivisse,
486 2263 517 2300 ac
535 2182 742 2320 imploravisse,
761 2243 845 2322 possi-

168 2323 240 2380 citos
253 2369 264 2392 ‚
279 2323 302 2380 si
314 2323 432 2380 victoria
447 2342 523 2402 parta
538 2321 631 2392 soret,
649 2325 746 2384 omnia
760 2369 769 2392 ‚
784 2345 845 2404 quae

166 2401 334 2462 Latinorum
348 2398 454 2473 essent,
473 2403 620 2462 Mezentio
635 2401 745 2477 cessura.
762 2403 845 2464 Tunc

166 2483 292 2544 AEneam
305 2529 316 2552 ,
331 2481 409 2564 quod
422 2485 508 2562 copiis
522 2483 636 2543 inferior
645 2505 726 2558 crat,
751 2486 845 2546 mustis

165 2564 268 2634 rebus,
286 2584 347 2644 quat
359 2561 509 2622 necessaris)
523 2564 630 2624 tuenda¹
643 2585 740 2636 erant,
761 2567 790 2626 in
803 2587 847 2628 ur·-

166 2643 232 2702 bem
251 2648 453 2721 comportatis,
476 2643 559 2704 castra
578 2644 627 2705 sub
643 2645 763 2705 Lavinio
780 2647 844 2705 col·

165 2721 289 2794 lecisse3
308 2726 511 2804 praepositoque
532 2723 574 2784 his
592 2722 652 2783 filio
665 2726 844 2805 Euryseone,

167 2803 259 2882 ipsum
274 2805 363 2864 eleeto
377 2803 414 2864 ad
427 2803 621 2864 dimicandum
634 2825 758 2885 tempore
773 2851 782 2877 ,
800 2828 847 2866 co·

167 2887 228 2966 pias
252 2889 282 2946 in
308 2887 399 2946 aciem
423 2883 602 2968 produxisse,
630 2889 701 2945 circa
728 2885 846 2948 Numici

645 2965 673 3026 o
693 2969 724 3046 n,-
