2060 3662
266 295 308 383 58
434 290 468 358 E
487 308 515 360 tr
534 307 559 357 T
576 309 601 360 a
618 307 641 358 ο
660 307 682 356 u
699 307 751 357 tt
817 285 828 299 ‘

266 414 356 472 ticum
367 430 443 472 mate
458 412 487 470 in
498 412 614 470 circuitu
627 431 692 472 cum
704 406 853 504 Bosphoro
866 428 951 472 tetta-

265 492 338 564 bat,
357 491 450 572 primi)
469 489 681 562 Nicomedem,
701 513 825 552 amicum
847 491 953 573 Populi

265 573 412 646 Romani,
430 569 564 655 Bithynii
579 573 670 633 voluit
684 575 841 654 expellete3
861 574 953 636 Sena-

268 657 366 737 tuique
386 653 553 726 mandavit,
570 653 677 714 bellum
693 652 722 714 se
736 656 763 716 ei
781 673 895 735 propter
912 659 954 716 in-

267 739 369 820 jurias,
401 758 449 796 uas
481 729 551 796 assus
562 733 671 806 fuerat,
687 735 840 796 illaturum.
854 739 885 796 A
897 737 951 796 Se-

269 837 338 878 natu
349 758 512 898 responlilm
522 816 560 876 est
569 813 748 888 Mithridati,
761 818 784 876 si
794 815 825 876 id
836 814 952 891 faceret,

293 897 351 960 uod
366 900 472 960 bellum
492 897 509 957 ‘a
526 898 665 958 Romanis
680 907 709 958 δι
725 895 784 978 ipse
804 917 952 977 pateretur.

270 921 340 1058 ὃιιᾶ
354 1001 383 1042 te
399 983 499 1052 iratus,
522 977 740 1060 Cappadociam
758 977 854 1043 statim
870 1002 955 1040 occu·

265 1064 369 1148 pavit,
387 1072 414 1123 δι
431 1083 464 1122 ex
482 1057 514 1122 ea
539 1059 786 1140 Ariobarzanem,
805 1081 904 1144 regem
926 1071 953 1122 &

272 1145 397 1204 amicum
427 1141 530 1222 Populi
556 1141 705 1213 Romani,
731 1139 762 1202 fu
783 1143 850 1201 avit.
878 1143 952 1206 Mox

272 1227 359 1286 etiam
369 1222 533 1308 Bithyniam
545 1225 661 1295 irtvasit,
669 1233 698 1284 et
709 1163 951 1306 Paphlagoniam,

273 1307 359 1388 pulsis
376 1327 410 1364 ex
432 1305 465 1364 ei
483 1305 619 1388 regibuS,
641 1305 741 1366 amicis
761 1304 865 1385 Populi
886 1305 950 1364 Ro·

274 1389 372 1458 mani,
389 1385 585 1467 Pylaemene&
597 1384 767 1446 Nicomede.
779 1384 850 1444 Inde
861 1383 955 1466 Ephe-

273 1467 337 1530 sum
356 1467 501 1528 contendit
515 1490 525 1538 3
541 1476 569 1528 &
590 1487 770 1548 peromnem
785 1468 885 1528 Asiam
908 1469 953 1526 lit-

273 1569 346 1610 teras
364 1551 455 1621 misit,
478 1568 529 1621 ut,
552 1549 723 1628 ubicumque
742 1549 850 1608 inventi
870 1544 954 1608 essent

275 1634 349 1692 cives
362 1631 488 1691 Romani
498 1675 507 1702 ,
519 1651 576 1692 uno
587 1630 632 1688 die
641 1629 842 1690 occiderentut.

265 1769 269 1778 .
314 1713 368 1774 VI.
381 1713 490 1774 Interea
501 1713 586 1770 etiam
597 1707 718 1772 Athenae
727 1712 825 1772 civitas
838 1707 953 1772 Achaiae

276 1795 313 1856 ab
321 1789 953 1857 AristoneAtlreniensiMithridatitraditaest.

276 1871 397 1937 Miserat
408 1877 484 1935 enim
501 1879 558 1952 jam
573 1873 610 1934 ad
622 1871 763 1934 Achaiam
774 1871 955 1942 Mithridates

275 1953 447 2016 Archelaum
468 1955 567 2016 ducem
585 1953 688 2026 suum,
705 1975 770 2014 cum
790 1973 907 2017 centum
927 1965 953 2015 δι

276 2037 384 2119 viginti.
399 2037 524 2096 millibus
544 2039 670 2117 equitum
689 2057 721 2096 ac
735 2035 861 2116 peditum
880 2060 887 2094 ι
910 2057 956 2116 pet

299 2140 363 2178 uem
392 2119 478 2178 etiam
497 2118 604 2200 reliqua
623 2117 732 2178 Graecia
749 2137 889 2196 occupata
909 2117 955 2178 est.
1015 2151 1016 2174 r

275 2140 354 2282 sylla
370 2197 540 2274 Archelaum
557 2198 631 2280 apud
644 2199 778 2260 Piraeum
793 2221 854 2258 non
868 2200 955 2282 longe

276 2283 314 2342 ab
326 2279 446 2342 Athenis
457 2280 586 2354 obsedit,
598 2277 744 2361 ipsamque
757 2281 855 2351 urbem
867 2283 954 2361 cepit:

276 2359 374 2442 postea
391 2358 538 2422 commisso
551 2361 645 2441 praelio
658 2381 756 2423 concta
767 2359 955 2432 Archelaum,

277 2445 319 2502 ita
328 2464 401 2519 eum
411 2445 499 2513 vicit,
517 2461 547 2502 ut
561 2463 594 2502 ex
608 2462 721 2502 centurn
733 2451 760 2504 δι
769 2445 874 2526 viginti
892 2445 957 2504 rnil-

276 2524 352 2605 libut
371 2527 419 2584 vix
439 2525 536 2586 decem
554 2521 695 2584 Archelao
714 2522 900 2605 superessent,
924 2546 957 2586 ex

277 2603 361 2686 Syllae
377 2609 497 2666 exercitu
518 2605 750 2686 quatuor-decim
766 2603 876 2668 tanctim
898 2604 956 2666 ho-

277 2688 369 2748 mines
391 2686 616 2750 interficerentur.
641 2687 706 2748 Hac
728 2687 824 2770 pugni
839 2685 958 2748 Mithri-

279 2765 357 2828 dates
371 2767 502 2852 cognitd,
514 2767 691 2852 septuaginta
706 2769 795 2831 millia
806 2769 957 2838 lectissima

269 2852 312 2918 'ex
327 2847 396 2913 Asia
411 2849 552 2914 Archelao
563 2851 641 2912 misit
653 2873 661 2908 ι
673 2867 770 2915 tonna
779 2870 866 2933 quern
880 2850 956 2932 Sylla
