2142 3664
161 331 163 342 ·
218 315 289 396 276
342 309 737 398 *AonVicnon

218 427 322 512 gesque
341 431 479 488 &aulam
499 433 615 513 regiam.
632 429 715 490 Adeo
735 431 825 490 vienn
836 475 846 502 ,
869 450 901 492 ut

219 513 251 570 ni
263 511 293 568 V
295 511 393 587 aierius
407 556 417 578 ‚
430 515 509 588 'cujus
523 531 591 570 nutu
604 514 702 570 omnin
717 513 900 593 gerebantur,

218 594 356 650 incertum
385 589 441 671 qui
468 591 569 662 causi,
597 589 753 663 abnuisset,
776 593 902 652 Romani

220 671 308 731 fasces
323 673 352 730 in
370 673 545 751 provinciam
559 694 663 732 novom
682 673 823 733 ferrentur.
838 675 868 733 V
871 695 901 731 e-

221 751 282 812 nim
295 774 356 832 pars
369 772 503 812 terrarum
516 773 611 814 tomen
624 754 709 812 nobis
721 756 815 814 utilior
829 776 903 834 quee-

222 835 275 894 sita
290 857 300 904 3
322 855 383 914 quae
398 831 460 893 etim
474 837 563 894 acrius
577 833 775 913 reposcuntur,
796 837 901 894 bellum

222 936 316 974 recens
331 913 487 996 susceptum
502 914 559 986 est,
577 937 659 986 grave
674 916 829 974 admodum
844 937 904 995 per-

222 994 427 1076 niciosumque.
447 997 487 1056 At
505 999 534 1056 in
551 995 682 1078 AEgypto
696 995 839 1056 Achilleus
858 997 904 1056 fa-

225 1079 273 1136 cili
292 1080 408 1160 negotio
429 1076 543 1156 pulsus,
562 1099 658 1157 poenos
673 1079 731 1136 luit.
752 1078 804 1139 Pet
819 1077 902 1136 Afri-

225 1181 289 1217 cam
310 1157 390 1240 gestae
407 1180 448 1218 ies
468 1158 631 1237 parimodo
647 1182 655 1228 3
674 1156 781 1238 solique
798 1153 905 1219 Camu-

225 1242 268 1300 sio
286 1237 426 1298 remissum
448 1237 546 1298 insulse
566 1241 736 1319 imperium,
756 1239 904 1321 postquam

225 1321 308 1400 jussis
322 1343 354 1378 ac
369 1322 545 1381 munimento
558 1322 713 1390 incolarum
729 1341 825 1380 contra
838 1343 907 1403 gen-

225 1421 267 1460 tes
290 1401 437 1460 bellicosas
458 1405 642 1481 opportunior
667 1399 787 1461 habitus.
809 1403 905 1482 Quem

226 1479 293 1542 sane
308 1481 456 1542 sexcennio
471 1481 530 1562 post
544 1483 668 1542 Alledius
682 1484 818 1554 nomine,
837 1483 907 1562 dolo

228 1560 418 1624 eircuinvenit.
441 1563 501 1640 Qui
524 1561 585 1622 ciim
606 1569 663 1642 ejus
682 1561 811 1642 permissu
829 1563 908 1623 sum-

227 1667 282 1705 mae
296 1647 335 1704 rei
349 1642 487 1724 praeesset,
510 1647 680 1725 flagitiorum
695 1654 721 1704 &
734 1645 773 1702 ob
787 1667 819 1704 ea
834 1667 908 1704 moi-

228 1729 263 1786 tis
282 1727 454 1796 formidine,
475 1748 521 1806 per
541 1725 626 1786 scelus
647 1728 795 1804 imperium
815 1747 908 1786 extor-

228 1806 309 1868 serat.
332 1808 400 1883 Quo
418 1806 498 1866 usum
514 1808 612 1877 brevi,
634 1806 816 1866 Constantius
830 1853 838 1878 ‚
853 1805 910 1873 ¹As-

230 1888 391 1968 clepiodoto
403 1936 412 1959 ,
428 1892 477 1969 qui
488 1889 662 1948 Praetorianis
674 1886 820 1948 Praefestus
836 1909 906 1969 prae-

230 1989 310 2039 erat,
333 1991 396 2026 cum
415 1989 491 2048 parte
512 1969 602 2028 classis
614 1990 655 2027 ‘ac
676 1970 821 2049 legionum
840 1991 910 2048 prx-

229 2047 313 2111 miss‘o
322 2096 334 2121 ,v
342 2050 453 2109 delevit.
466 2051 504 2110 Et
515 2050 618 2110 intetea
630 2053 691 2108 caesi
697 2052 910 2122 Marcomanni,

232 2132 446 2212 Carporumque
464 2133 542 2190 natio
560 2133 689 2190 transsata
703 2133 797 2190 omnis
810 2133 839 2190 in
856 2135 912 2190 no-

231 2212 316 2272 strum
335 2212 449 2282 solum,
472 2218 548 2291 cujus
565 2211 621 2272 fere
642 2233 703 2290 pars
720 2218 778 2291 jam
797 2232 856 2271 tum
873 2213 911 2272 ab

231 2295 387 2354 Aureliano
401 2313 467 2352 etat.
487 2295 588 2373 Neque
604 2295 712 2352 minore
727 2291 818 2352 studio
836 2297 913 2373 pacis

232 2376 326 2434 officio
349 2377 443 2434 vineis
468 2376 576 2456 legibus
600 2377 787 2455 aequissimis‚
814 2395 845 2434 ac
868 2396 914 2433 re·

232 2477 314 2516 moto
342 2453 479 2534 pestilenti
507 2451 753 2516 frumentariorum
783 2476 912 2538 genere,

234 2558 355 2618 quorum
369 2557 442 2596 nunc
458 2555 571 2617 agentes
585 2557 675 2596 rerum
689 2537 826 2596 simillimi
838 2534 913 2597 sont.

233 2621 294 2696 Qui
310 2617 374 2677 ciim
396 2617 432 2676 ad
453 2617 653 2695 explorandum
674 2617 913 2677 annuntiandum-

232 2721 313 2782 que,
337 2700 387 2779 qui
404 2698 474 2758 forte
495 2700 523 2756 in
543 2700 691 2777 provinciis
711 2717 804 2758 motus
820 2696 917 2756 existe-

235 2801 319 2852 rent,
339 2777 455 2839 instituti
473 2779 653 2850 viderentur,
677 2780 839 2857 compositis
858 2800 914 2847 ne·

237 2863 307 2929 fatie
322 2862 579 2933 criminationibus,
591 2863 694 2948 inienio
708 2863 810 2942 passim
824 2855 914 2930 metu,
