2142 3664
209 318 278 382 232
352 291 476 364 Aure.
506 293 721 364 Victore

207 434 272 484 rat,
292 411 410 474 Othone
431 411 546 473 authore
561 411 723 472 interficitur
736 435 745 484 3
760 413 809 495 qui
825 434 891 494 prae·

205 497 295 556 latum
313 495 464 575 adoptione
480 500 537 574 ejus
551 493 683 554 Pisonem
698 494 890 574 impatientius

208 577 331 648 dolens,
356 574 483 635 accensas
513 574 674 645 cohortes,
708 574 898 657 armatasque,

207 661 237 718 in
258 657 350 716 forum
365 656 521 717 deduxerat.
536 655 605 734 Qub
618 656 682 717 ctlm
696 655 784 716 latich
800 661 888 717 tesius

209 739 305 800 Galba
316 739 467 798 tumultum
486 739 617 800 leniturus
637 738 834 808 contenderet,
853 737 891 798 ad

208 822 304 881 lacum
323 819 458 880 Curtium
477 819 560 879 caesus
581 817 640 891 est,
662 817 757 878 mense
775 814 892 902 Imperii
918 891 921 898 Ι

213 923 245 961 ac
266 900 310 960 die
332 900 460 978 septimo.
834 903 842 914 ⁸

249 982 329 1041 Vll.
351 981 440 1122 lpitur
453 982 562 1042 Salvius
577 978 678 1052 Otho,
693 981 802 1042 Neroni
822 1003 893 1063 quo·

211 1083 267 1144 que
287 1083 365 1144 quon
387 1084 432 1122 am
453 1063 601 1122 criminose
622 1061 793 1133 familiaris,
818 1061 893 1123 haud

212 1143 304 1205 multb
323 1142 377 1204 sine
398 1142 591 1203 adolescentiae
614 1143 766 1226 grandior,
786 1163 892 1225 poten-

212 1228 283 1286 tiam
299 1225 414 1285 invadit.
431 1226 491 1302 Qui
504 1225 563 1283 dies
581 1223 638 1284 sere
657 1227 780 1306 quinque
798 1234 825 1285 &
838 1247 894 1284 oc-

214 1309 325 1390 toginta
339 1327 428 1386 praeco
450 1307 514 1365 nitis
529 1307 653 1364 moribus
669 1325 794 1386 potitus,
814 1304 895 1386 post-

213 1409 299 1469 quam
319 1385 335 1446 *a
352 1327 494 1457 VitelIio,
515 1389 564 1468 qui
586 1387 601 1445 ὲ
623 1386 718 1447 Gallis
739 1385 894 1446 descende-

146 1509 149 1513 ·
213 1488 276 1537 tat,
293 1469 451 1528 Veronensi
468 1469 565 1549 praelio
584 1465 676 1549 pulsus
695 1466 755 1540 est,
773 1487 897 1528 mortem

215 1551 270 1610 sibi
287 1549 431 1610 conscivit.

254 1630 351 1692 VIII.
373 1632 417 1692 Ita
436 1629 471 1690 ad
488 1629 594 1690 Aulum
614 1630 764 1688 Vitellium
778 1628 897 1710 potestas

218 1711 328 1784 delata,
344 1735 406 1796 quae
421 1709 561 1796 progressu
577 1710 710 1771 funestior
723 1713 823 1771 talibus
837 1713 897 1771 ini·

217 1797 264 1854 tiis
284 1794 384 1863 soret,
405 1797 429 1853 si
448 1791 637 1873 Vespasianus
658 1791 820 1875 aliquandiu
842 1794 897 1853 Ju-

219 1874 343 1934 daeorum
362 1876 460 1945 bello,
482 1874 560 1955 quod
577 1873 700 1934 Neronis
714 1871 785 1952 jussu
801 1871 897 1934 susce-

217 1975 317 2036 perat,
341 1953 492 2035 impensius
516 1956 686 2013 attineretur.
705 1955 732 2013 ls
753 1955 803 2013 ubi
824 1952 901 2038 gesta

136 2064 140 2075 ·
219 2055 269 2117 per
291 2036 443 2107 Galbam,
469 2033 616 2117 ipsumque
636 2032 792 2118 oppressum
816 2057 899 2095 acce·

220 2121 262 2199 pit
272 2139 283 2187 3
303 2120 387 2178 simul
406 2119 542 2199 quoniam
563 2117 799 2200 legatipMoesiae,
819 2117 898 2177 Pan-

221 2201 375 2282 nonicique
395 2201 530 2260 exercitus
548 2196 723 2258 hortantium
744 2216 902 2270 venerant,

221 2280 266 2340 Im
287 2283 375 2340 etium
392 2284 474 2361 capit.
493 2281 626 2362 Namque
641 2281 743 2339 milites
756 2278 877 2357 praediui
890 2325 903 2348 ,

219 2303 368 2444 posquam
392 2361 541 2422 Othonem
565 2362 723 2440 praetoriis,
750 2359 903 2418 Vitellium

222 2443 449 2505 Germanicianis
471 2441 629 2526 legionibus
650 2437 753 2498 fesium
781 2459 846 2497 com
867 2460 902 2497 e-

222 2525 305 2601 rere,
327 2527 443 2594 aemuli,
465 2543 496 2583 ut
513 2525 584 2582 inter
602 2518 630 2580 se
653 2517 764 2590 solent,
784 2539 819 2579 ne
840 2460 904 2581 ‹lis-

223 2609 331 2668 similes
357 2606 539 2672 viderentur,
569 2599 774 2682 Vespasianum
800 2622 904 2684 perpu-
976 2645 982 2656 .

224 2690 308 2760 lire3
330 2691 359 2748 in
384 2706 468 2769 quem
489 2690 548 2765 jam
575 2684 694 2765 Syriacae
716 2682 845 2743 cohortes
866 2685 905 2744 ob

225 2775 338 2852 egregia
358 2770 421 2828 vitae
442 2763 646 2826 consenserant.
666 2765 779 2845 Quippe
796 2763 908 2846 Vespa-

226 2854 318 2912 sianus
331 2848 406 2910 noth
417 2849 535 2911 Senator
548 2846 680 2917 familiai,
699 2847 826 2909 Reatinis
840 2869 907 2909 ma-
