2134 3668
270 242 405 346 Onroo
429 275 714 344 Granianon.
770 295 830 361 ¹35

199 397 328 478 illyricos
344 415 485 472 penetrare
509 397 613 476 sinus,
638 415 716 472 atque
737 397 839 454 intima

243 497 327 537 turus.
344 487 396 538 διε.

160 583 255 659 Quare
284 601 378 642 autem
408 579 547 641 addiderit
571 597 644 638 tutus
659 598 672 649 ¹,
697 577 747 639 suo
773 579 839 639 loco

160 663 321 746 plenissime
342 661 541 722 annotavimus*
557 663 587 719 in
613 663 836 720 commentatio-

126 773 129 779 ·
162 765 222 814 ne,
243 755 329 824 quam
341 741 396 802 hoc
413 741 533 802 scribere
546 744 703 822 coepimus,
725 739 841 822 cogniti

163 846 197 884 ex
215 846 250 884 eo
271 825 345 883 libro
357 867 367 893 ,
380 826 430 903 qui
440 820 587 902 inscriptus
601 819 659 893 est,
674 820 708 880 de
720 821 841 902 Origine

163 902 308 965 Patavini.
334 902 377 963 lta
399 923 433 961 ue
457 923 562 970 nunc,
593 903 724 971 Primus,
751 915 784 960 ex
808 899 842 961 e'i

185 1006 277 1066 uoque
300 923 503 1060 signillcatione
525 981 588 1052 est,
609 984 623 1040 ὲ
646 981 702 1062 qud
721 981 790 1040 illud
812 985 842 1042 in

164 1008 288 1126 iecundo
307 1064 475 1134 AEneidos,
499 1063 533 1122 de
554 1065 762 1121 enumeratione
787 1083 841 1121 eo-

132 1203 136 1211 .
167 1169 249 1217 rum,
269 1147 318 1227 qui
328 1165 401 1226 equo
412 1145 502 1203 Durio
513 1143 747 1224 digrediebantur.
765 1142 843 1203 Nam

167 1226 230 1286 crim
242 1224 406 1290 nominillet
419 1222 624 1284 Thellandmm
637 1270 645 1295 ,
659 1220 843 1296 Sthenelum,

165 1305 315 1389 Ulyli'em,
334 1308 513 1378 Acamanta,
533 1303 692 1373 Thoanta,
715 1303 844 1384 Neopto-

166 1391 272 1450 lemum
284 1412 293 1459 3
308 1386 369 1468 post
389 1388 502 1458 intulit,
522 1385 678 1464 Primusque¹
692 1383 843 1445 Machaon.

167 1472 213 1530 De
234 1492 292 1551 quo
319 1472 405 1548 quaeri
428 1465 548 1548 potest,
573 1465 731 1543 Quomodo
756 1465 845 1546 potest

167 1553 281 1612 Primus
300 1550 356 1609 dici
376 1595 384 1620 ,
407 1547 468 1630 post
489 1566 581 1606 tantos
604 1550 653 1628 qui
675 1544 756 1625 supra
776 1547 845 1606 diui
903 1563 905 1568 ’

168 1631 232 1692 sunt
260 1639 272 1690 i
298 1628 406 1689 Verum
432 1627 621 1709 intelligemus
647 1628 766 1700 primum
793 1647 846 1705 pro

168 1714 322 1793 principe,
348 1711 393 1770 vel
416 1711 482 1790 quia
509 1711 532 1768 is
551 1708 587 1766 ad
612 1705 766 1788 perfedlum
789 1707 844 1766 illis

169 1791 342 1874 temporibus
371 1793 444 1850 circa
473 1791 601 1870 peritiam
632 1787 747 1850 medicae
780 1789 845 1846 artis

167 1878 318 1955 precipuus
340 1868 417 1932 fuille
435 1869 560 1930 traditur.
866 1940 869 1948 Ι

208 1955 248 2016 ll.
271 1954 325 2014 Sed
345 1973 375 2012 ut
397 1952 433 2012 ad
453 1953 628 2032 proposition
650 1969 846 2022 revertamur,

170 2036 263 2096 ferunt
284 2032 422 2097 Creusam
440 2027 620 2101 Erechthei,
645 2030 731 2114 Regis
750 2029 845 2092 Athe-

170 2121 328 2188 niensium,
349 2113 437 2174 liliam
458 2112 715 2193 speciosissimam,
735 2109 846 2190 stupra-

171 2219 230 2258 tam
251 2198 287 2257 ab
308 2197 439 2276 Apolline
461 2197 572 2252 enixam
591 2212 707 2270 puerum
726 2235 738 2259 ,
763 2212 845 2250 eum-

171 2301 225 2360 que
239 2275 367 2356 Delphos
377 2277 447 2336 olim
464 2271 640 2334 educandum
652 2267 703 2330 effe
715 2267 824 2332 millum
836 2319 847 2344 ,

170 2364 181 2420 i
202 2359 260 2420 sam
278 2355 346 2419 vero
360 2355 376 2416 ὲ
389 2376 484 2437 parre,
500 2351 613 2413 istarum
625 2373 717 2411 rerum
731 2351 824 2414 nescio
834 2400 846 2422 ,

171 2384 285 2521 llipheo
297 2439 406 2498 cuidam
424 2438 522 2496 comiti
543 2433 720 2492 collocatam.
736 2433 780 2493 Ex
791 2433 848 2516 qui

173 2521 236 2581 ctlm
260 2522 306 2581 ille
327 2539 404 2600 pater
425 2540 482 2576 non
509 2513 595 2596 pollet
614 2511 750 2584 existere,
770 2515 846 2575 Del-

193 2600 244 2660 hos
264 2622 327 2660 eum
347 2595 450 2679 petiille
469 2598 505 2657 ad
525 2593 725 2656 consulendum
747 2617 849 2654 oracu-

173 2625 232 2742 lum
246 2728 256 2752 ,
270 2679 416 2763 quomodo
450 2697 508 2737 ater
525 2675 585 2735 fieri
600 2671 694 2755 pollet.
713 2675 790 2735 Tum
807 2677 849 2734 illi

174 2764 269 2824 Deum
291 2699 485 2840 respondisle,
510 2777 541 2816 ut
566 2777 650 2836 quem
676 2753 783 2834 postero
804 2753 849 2813 die

174 2843 288 2904 obviim
307 2837 441 2903 habuillet
452 2885 463 2912 ,
476 2859 542 2900 eum
557 2838 611 2897 sibi
627 2835 780 2918 adoptaret.
791 2834 850 2896 lta·
