2134 3668
274 312 410 382 Omoo
429 310 592 380 Gumis
607 314 716 381 Rom,
750 297 784 379 ἡ
796 336 834 403 51

158 431 241 494 nibus
261 434 350 512 copiis
367 431 455 515 Regis
475 450 634 500 teneretur,
648 431 743 492 Latini
760 431 839 516 lega·
884 483 886 488 ,

158 521 214 572 tos'
231 513 268 574 ad
290 513 477 592 Mezentium·
497 511 631 572 miserunt
660 511 813 574 siscitatum
826 561 839 584 ,

158 593 213 676 qud
232 593 396 654 conditione
411 596 440 652 in
456 593 629 654 deditionem
647 615 694 654 eos
715 595 840 672 accipere

157 677 264 746 vellet3
287 671 406 756 ctimque
420 672 467 734 ille
481 676 552 734 inter
568 675 624 744 alia
640 674 758 735 onerosa
771 675 840 736 illud

158 764 272 836 quoque
299 755 451 836 adjiceret,
478 774 508 815 ut
538 777 623 816 omne
651 759 750 817 viuum
779 759 841 838 agri

158 836 255 896 Latini
277 837 386 918 aliquot
403 838 482 896 annis
501 837 554 896 sibi
573 835 741 906 inferretut3
765 858 838 896 con·

146 918 223 976 'silio
245 936 328 998 atque
349 919 514 978 audietitate
533 915 650 978 Ascanii
671 919 776 999 placuit
801 920 840 977 ob

158 998 316 1058 libertatem
335 999 410 1058 mori
431 999 544 1078 potius,
570 998 656 1079 quim
679 999 729 1058 illo
753 999 841 1058 modo

140 1077 319 1138 'servitutem
346 1073 444 1139 subire.
473 1079 572 1160 Itaque
602 1081 671 1140 vino
700 1101 733 1140 ex
760 1082 841 1140 omni

110 1193 113 1198 ,
159 1158 765 1241 vindoniiiJovipublicbvoto,·consectato
787 1181 840 1232 ue,

144 1239 258 1300 ⁴La'tini
276 1241 342 1300 utbe
361 1244 528 1322 eruperunt,
550 1182 841 1323 fusoquo'praesidio,

160 1321 362 1404 interfedoque
390 1321 508 1394 Lauso,
529 1321 709 1384 Mezentium
741 1321 844 1406 fugam

148 1401 251 1462 'faeere
265 1401 427 1486 coegeruntj
439 1403 466 1462 Is
480 1401 575 1484 posted
588 1405 757 1487 petiegatos
770 1405 842 1464 am'i-

160 1486 258 1544 citiam
279 1482 496 1564 societatemque
515 1485 681 1544 Latinorum
703 1487 742 1544 im
763 1505 839 1546 etra-

124 1575 126 1578 '
159 1567 201 1624 'vit
221 1589 227 1622 z
249 1584 279 1624 ut
297 1563 380 1623 docet
395 1565 498 1622 Lucius
516 1563 613 1624 Caesar
630 1565 726 1626 lib-1.
744 1507 840 1626 item·

152 1646 316 1782 'que'Auius
327 1642 484 1704 Postumius
496 1645 525 1702 in
539 1666 573 1702 eo
584 1646 729 1706 volumine
741 1690 750 1716 ‚
765 1647 843 1726 quod

182 1746 196 1782 e
212 1723 334 1784 adventu
348 1723 448 1784 AEneae
463 1722 623 1804 conscripsit
644 1741 727 1808 atque
746 1727 843 1790 edidit.

149 1805 252 1888 ‘Igitur
271 1806 366 1864 Latini
385 1801 539 1865 Ascanium
560 1807 759 1890 ob‘'insignem
780 1811 842 1867 vit·

153 1895 249 1945 'tutem
270 1909 327 1946 non
343 1883 434 1946 solum
447 1887 517 1946 Jove
535 1905 628 1948 ortum
647 1887 843 1961 crediderunt,

161 1965 209 2028 sed
238 1971 323 2028 etiam
354 1988 401 2048 pet
427 1967 673 2040 diminutionem,
701 1969 842 2030 declinato

160 2047 304 2130 paululdm
331 2051 472 2120 nomine,
499 2049 591 2130 ptimd
613 2050 750 2120 Jobum,
779 2052 844 2110 dein

131 2154 133 2158 ·
160 2128 370 2210 posteb'Julum
384 2130 557 2210 appellarunt
571 2177 582 2201 ,
603 2128 620 2188 *a
635 2149 694 2210 quo
709 2132 783 2191 Julia
800 2130 844 2190 fa-

161 2212 241 2270 milia
259 2212 385 2270 manavit
402 2234 409 2268 z
425 2231 456 2269 ut
473 2208 596 2272 sctibunt
615 2209 711 2270 Caesat
725 2211 775 2272 lib.
799 2231 842 2272 11.

127 2321 132 2332 ·
162 2299 189 2352 &
208 2291 285 2352 Cato
301 2293 331 2350 in
350 2290 527 2373 Originibus,

202 2371 294 2432 XVI.
318 2371 433 2432 Interim
454 2371 573 2432 Lavinia
597 2371 634 2432 ab
654 2369 750 2432 AEnea
774 2393 842 2466 gra-

151 2452 227 2513 ⁴vida
250 2453 372 2524 teli&a‚
398 2472 501 2524 metu,
528 2453 612 2512 veluti
640 2451 790 2513 insecuturi
816 2452 844 2513 se

160 2531 299 2604 Ascanii,
322 2535 351 2594 in
369 2535 473 2614 silvam
505 2532 612 2617 tofugit
629 2534 665 2594 ad
679 2532 842 2616 magistrum

162 2617 245 2696 patrii
262 2613 388 2694 pecoris,
408 2555 503 2694 Tytrb

162 2699 302 2776 puerum,
328 2695 377 2776 qui
402 2693 418 2754 *a
442 2696 498 2754 loci
519 2697 654 2778 qualitate
676 2696 778 2756 Silvius
805 2695 844 2754 est

164 2777 261 2841 diuus.
285 2777 324 2836 At
345 2774 412 2836 verb
435 2776 535 2858 vulgus
558 2777 724 2836 Latinorum
745 2774 841 2835 existi-

165 2877 244 2918 mans
265 2857 338 2917 clam
358 2856 393 2916 ab
412 2853 536 2918 Ascanio
556 2856 753 2926 interfestam,
778 2877 843 2916 ma-

642 2936 719 2998 Giv

504 2637 573 2688 um,
595 2617 690 2696 ibique
706 2617 787 2675 enixa
806 2615 845 2674 est
925 2647 933 2658 ..
