2060 3662
259 361 303 424 72
377 336 409 394 0
428 337 460 405 Ε
478 357 504 407 u
522 353 587 409 Tre
606 357 629 407 ο
649 357 671 407 P
690 359 739 408 rr

257 447 390 518 barbitos
411 457 593 518 ducerentur:
610 465 764 539 pugnatum
784 477 880 519 tamen
895 451 942 520 'est
999 495 1001 498 ·

256 541 366 622 ingenti
384 543 564 600 contentione
582 563 588 597 t
607 538 751 621 victusque
772 541 809 614 ad
825 540 937 620 postre-

256 640 334 679 mum
363 621 538 700 Pompeius,
564 630 592 680 δι
624 619 709 680 castra
739 626 797 699 ejus
828 622 937 701 direpta

254 698 326 761 sunt.
353 700 415 781 lpse
442 701 578 784 fugatus,
605 701 806 762 Alexandriam
830 706 936 781 petiit,

255 800 285 840 ut
308 783 325 840 ὲ
349 802 413 865 rege
434 782 581 866 AEgypti,
609 786 655 841 cui
681 801 756 842 tutor
785 781 802 841 ‘a
829 784 937 845 Senatu

253 861 334 922 datus
356 861 468 935 luerat,
490 883 600 944 propter
615 865 765 942 juvenilem
787 869 846 940 ejus
867 885 937 926 aeta-

253 962 310 1004 tem
326 948 483 1025 ‚acciperet
503 945 607 1003 auxilia
622 947 691 1026 :qui
709 945 853 1006 fortunam
873 967 934 1006 ma·

274 1027 327 1096 is,
360 1025 446 1107 quim
473 1027 629 1086 amicitiam
657 1025 794 1097 secutus,
826 1028 933 1088 occidit

252 1045 421 1186 iompeium
442 1131 450 1165 t
469 1127 552 1188 caput
574 1111 633 1166 e'us
652 1116 679 1166 δι
700 1108 837 1166 annulum
860 1105 931 1168 Ωκ-

252 1185 306 1246 sari
323 1191 423 1257 misic3
448 1209 505 1268 quo
526 1127 700 1267 conipedio,
724 1186 821 1249 Caesar
845 1190 932 1259 etiam

251 1268 388 1349 lacrymas
406 1266 504 1328 fudisse
527 1269 648 1338 dicitur,
666 1270 737 1328 tanti
749 1271 803 1329 viri
821 1270 933 1331 intuens

252 1369 358 1429 caput,
379 1359 405 1408 δι
417 1353 512 1431 generi
522 1349 667 1430 quondam
686 1347 737 1409 sui.
827 1373 829 1376 ·

291 1429 403 1490 XXII.
425 1431 499 1490 Mox
526 1428 622 1491 Caelar
645 1428 847 1490 Alexandriam
875 1451 930 1492 ve·

251 1511 318 1580 nit3
341 1513 393 1591 ipsi
406 1531 518 1593 quoque
536 1511 703 1571 Ptolemaeus
723 1531 818 1590 parare
838 1513 931 1574 voluit

250 1592 390 1662 insidias3
417 1593 473 1674 quel
495 1592 577 1653 cauri
600 1595 660 1674 regi
686 1593 792 1652 bellum
819 1593 931 1654 illatum

250 1671 289 1731 est
305 1697 312 1731 z
331 1675 419 1734 vietus
444 1677 474 1734 in
497 1673 568 1734 Nilo
596 1675 699 1752 petiit3
726 1675 931 1755 inventumque

249 1753 289 1813 est
311 1775 408 1834 corpus
426 1760 483 1833 ejus
500 1776 564 1814 cum
581 1753 669 1814 lotied
691 1752 782 1814 aurei.
806 1754 929 1828 Caesar,

249 1833 420 1895 Alexandrini
433 1837 558 1914 potitus,
577 1855 695 1919 regnum
709 1834 869 1915 Cleopatra
882 1836 931 1895 de-
1025 1907 1026 1918 χ

107 1923 110 1931 “
178 1985 182 1992 ¹
248 1915 291 1974 dit
308 1915 453 1974 Ptolemaei
476 1914 587 1986 sorori,
611 1937 675 1974 cum
695 1916 753 1997 quai
772 1915 929 1977 consuetu·

249 1996 345 2055 dinem
365 1996 448 2077 stupri
465 1994 608 2056 habuerat.
633 1996 755 2056 Rediens
775 1997 841 2056 iude
861 1997 929 2059 Cae·

249 2075 315 2148 sar,
338 2075 534 2149 Pharnacem,
556 2075 731 2138 Mithridatis
754 2079 859 2161 Magni
886 2077 927 2138 li-
1004 2105 1008 2112 ·

249 2159 343 2230 lium,
370 2161 420 2240 qui
453 2159 590 2240 Pompeio
621 2161 652 2218 in
682 2159 817 2218 auxilium
851 2161 929 2240 apud

238 2238 421 2314 ,Thellaliam
441 2239 553 2311 fuerat,
571 2240 752 2299 rebellantem
766 2242 795 2298 in
810 2241 904 2300 Ponto
916 2287 930 2314 ,

248 2330 276 2381 dr
298 2323 401 2381 multas
421 2321 522 2400 Populi
545 2322 671 2381 Romani
691 2322 848 2402 provincias
869 2341 928 2380 oc·-

146 2405 153 2420 ‘
247 2421 420 2482 cupantem,
440 2403 508 2463 vicit
527 2404 587 2462 acie
608 2425 614 2460 :
633 2400 727 2484 postea
748 2402 786 2463 acl
804 2421 928 2468 mortem

246 2505 298 2543 coe
320 2503 350 2545 rt.
473 2533 475 2540 ,

322 2565 369 2624 XI
375 2564 389 2624 I
395 2563 418 2625 Ι.
439 2563 509 2626 lnde
526 2565 653 2626 Romam
669 2563 820 2649 regrellus,
840 2565 926 2628 tertib

248 2642 276 2705 se
290 2644 433 2706 consulem
447 2645 592 2706 fecit'cum
605 2649 649 2708 M.
661 2647 785 2709 AEmilio
795 2647 905 2728 Lepido
914 2694 927 2720 ,

247 2729 296 2808 qui
321 2729 347 2786 ei
370 2728 513 2788 Dictatori
538 2727 675 2813 Magister
703 2731 830 2810 equitum
858 2749 928 2788 ante

246 2829 352 2868 artuum
373 2808 472 2870 fuerat.
494 2809 563 2870 Inde
587 2813 616 2871 in
635 2811 763 2872 Africam
783 2809 927 2890 profectus

247 2888 308 2961 est3
335 2890 384 2951 ubi
414 2889 524 2952 infinita
555 2892 688 2955 nobilitas
718 2911 782 2953 curn
813 2889 888 2952 Jubai
913 2937 925 2962 ,

744 2973 926 3033 Mauritaniae
