2142 3664
232 339 303 402 274
374 275 748 386 AUR.V1eTo.R

233 436 302 512 Quo
332 433 408 494 bello
436 435 616 506 Carausius,
642 435 784 514 Menapia
813 429 913 508 civis}

234 517 316 578 factis
335 516 553 596 promptioribus
572 517 692 587 enituit,
713 535 804 596 eoque
826 537 913 587 eum,

234 598 319 660 simul
340 600 407 678 quia
426 596 601 679 gubernandi
623 600 705 678 [quo
727 597 822 656 officio
843 597 915 656 ado-

235 678 398 742 lescentiam
411 677 538 737 mercede
552 680 734 754 exercuerat]
751 699 853 761 gnarus
867 675 917 738 ha-

204 801 206 807 ·
236 762 377 831 bebatur,
403 758 530 840 parandae
555 760 636 819 classi
662 781 694 819 ac
722 759 917 841 propulsandis

238 843 389 904 Germanis
412 843 499 901 maria
521 839 737 911 infestantibus,
762 839 916 921 praefecere.

237 921 305 986 Hoc
323 924 442 995 elatior,
464 921 642 1002 cdmparum
657 923 762 982 multos
776 924 918 1001 opprime-

238 1025 303 1076 ret,
326 1027 361 1066 ne
383 1026 417 1064 ue
438 1004 533 1084 praedae
551 1005 649 1064 omnia
671 1005 701 1062 in
722 1005 847 1062 aerarium
867 1023 917 1061 re-

240 1087 347 1159 ferret,
363 1027 499 1146 llerculii
531 1105 633 1154 metu,
663 1083 679 1143 'a
707 1105 764 1165 quo
793 1082 822 1143 se
849 1083 920 1144 caedi

238 1166 340 1248 jullum
354 1185 545 1247 compererat,
560 1167 734 1225 Britanniam
748 1163 846 1224 hausto
860 1165 920 1224 lm·

241 1253 318 1331 perio
342 1271 373 1308 ca
395 1250 497 1308 essrvit.
521 1247 634 1307 Eodem
658 1265 784 1327 tempore
808 1246 918 1306 Orien·

222 1361 225 1366 ·
241 1350 299 1391 tem
316 1269 431 1398 Perdat,
455 1327 583 1388 Africam
601 1329 747 1400 Julianus,
772 1345 804 1386 ac
825 1329 921 1387 natio·

238 1433 288 1472 nes
309 1412 572 1492 Quinquegentanae
599 1411 720 1494 graviter
744 1409 920 1489 quatiebant.

240 1491 345 1554 Adhuc
367 1491 441 1572 apud
456 1490 580 1574 AEgypti
600 1489 802 1551 Alexandriam
823 1487 924 1549 Achil-

242 1575 301 1634 leus
314 1576 430 1634 nomine
443 1620 452 1646 ,
471 1572 673 1632 dominationis
686 1573 808 1654 insignia
820 1570 922 1632 indue-

242 1676 295 1716 rat.
318 1656 373 1716 His
395 1654 430 1714 de
456 1657 543 1714 causis
565 1654 669 1714 lulium
694 1650 920 1725 Constantium,

243 1738 390 1798 Galerium
418 1736 656 1806 Maximianum,
690 1736 734 1793 cui
760 1755 922 1816 cognomen

243 1820 422 1878 Armentario
443 1837 523 1887 etat,
548 1835 653 1875 creatos
669 1813 791 1876 Caesares
810 1818 840 1876 in
860 1815 923 1876 affi-

241 1901 360 1958 nitatem
378 1917 490 1956 vocant.
507 1898 588 1956 Prior
601 1897 728 1956 Herculii
741 1898 900 1980 privignam
908 1941 921 1968 ,

215 2037 216 2042 ,
244 1980 314 2038 alter
336 1978 517 2038 Diocletiano
540 1978 646 2038 editam
673 1976 847 2050 sortiuntur,
872 1978 921 2038 di-

242 2062 358 2142 remptis
377 2059 514 2141 prioribus
531 2061 693 2160 conjugiis,
717 2077 748 2118 ut
764 2061 794 2118 in
808 2059 924 2119 Nerone

244 2139 366 2202 Tiberio
389 2162 421 2201 ac
445 2138 518 2202 Julia
538 2139 596 2200 filia
616 2138 756 2223 Augustus
776 2140 924 2222 quondam

246 2221 358 2283 fecerat.
375 2222 429 2282 His
450 2221 516 2282 sane
530 2223 662 2282 omuibus
675 2221 818 2302 Illyricum
835 2223 924 2301 patria

245 2303 322 2376 fuit,
346 2306 395 2384 qui
410 2323 585 2386 quamquam
604 2301 788 2362 humanitatis
805 2323 902 2382 patum
913 2319 938 2376 ,·

245 2387 314 2444 ruris
342 2404 436 2444 tamen
464 2407 497 2443 ac
522 2385 627 2444 militiae
652 2381 770 2443 miseriis
794 2384 924 2457 imbuti,

247 2464 313 2524 satis
330 2466 430 2545 oprimi
447 2465 619 2544 Reipublicae
634 2463 719 2524 fudre.
739 2467 834 2542 Quare
854 2487 926 2526 con-

245 2545 299 2606 stat
313 2546 422 2606 sanctos
436 2543 636 2627 prudentesque
650 2544 731 2605 sensu
745 2548 814 2605 mali
827 2565 927 2627 prom-

246 2626 319 2712 ptitls
347 2625 430 2697 lieri,
458 2646 609 2710 contraque
636 2647 756 2707 expertes
782 2627 924 2688 aerumria-

246 2731 333 2779 rum,
357 2709 424 2768 dum
444 2708 544 2788 opibus
563 2708 618 2769 suis
635 2711 749 2768 cunctos
764 2707 926 2782 estimant,

247 2788 340 2850 mimis
371 2787 521 2850 consulere.
556 2789 611 2850 Sed
642 2787 742 2848 horum
772 2789 927 2850 concordia

247 2871 372 2932 maxime
388 2870 501 2932 edocuit
516 2872 613 2932 virtuti
630 2872 775 2955 ingenium
788 2918 806 2942 ,.
823 2868 924 2930 usum-
