<?xml version="1.0" encoding="UTF-8"?>
<!DOCTYPE html PUBLIC "-//W3C//DTD XHTML 1.0 Transitional//EN"
    "http://www.w3.org/TR/xhtml1/DTD/xhtml1-transitional.dtd">
<html xmlns="http://www.w3.org/1999/xhtml" xml:lang="en" lang="en">
 <head>
  <title>
</title>
<meta http-equiv="Content-Type" content="text/html;charset=utf-8" />
  <meta name='ocr-system' content='tesseract 3.04.00' />
  <meta name='ocr-capabilities' content='ocr_page ocr_carea ocr_par ocr_line ocrx_word'/>
</head>
<body>
  <div class='ocr_page' id='page_1' title='image "./eutropiisextaur00victgoog_0286.png"; bbox 0 0 2142 3664; ppageno 0'>
   <div class='ocr_carea' id='block_1_1' title="bbox 154 327 835 584">
    <p class='ocr_par' dir='ltr' id='par_1_1' title="bbox 154 327 835 584">
     <span class='ocr_line' id='line_1_1' title="bbox 277 327 832 414; baseline 0.004 -22"><span class='ocrx_word' id='word_1_1' title='bbox 277 341 342 392; x_wconf 71' lang='grc' dir='ltr'>Μ.</span> <span class='ocrx_word' id='word_1_2' title='bbox 374 327 624 394; x_wconf 74' lang='lat' dir='ltr'>CAEsAnrs</span> <span class='ocrx_word' id='word_1_3' title='bbox 644 344 710 394; x_wconf 78' lang='lat' dir='ltr'>uc.</span> <span class='ocrx_word' id='word_1_4' title='bbox 765 351 832 414; x_wconf 80' lang='lat'>279</span> 
     </span>
     <span class='ocr_line' id='line_1_2' title="bbox 154 439 835 584; baseline 0.006 -82"><span class='ocrx_word' id='word_1_5' title='bbox 154 439 306 514; x_wconf 82' lang='lat' dir='ltr'>sereretur,</span> <span class='ocrx_word' id='word_1_6' title='bbox 332 443 415 502; x_wconf 80' lang='lat' dir='ltr'>Italia</span> <span class='ocrx_word' id='word_1_7' title='bbox 439 442 579 514; x_wconf 82' lang='lat' dir='ltr'>decessit,</span> <span class='ocrx_word' id='word_1_8' title='bbox 606 443 745 584; x_wconf 50' lang='lat' dir='ltr'>paulbaue</span> <span class='ocrx_word' id='word_1_9' title='bbox 772 445 835 526; x_wconf 85' lang='lat' dir='ltr'>&#39;post</span> 
     </span>
    </p>
   </div>
   <div class='ocr_carea' id='block_1_2' title="bbox 82 521 926 2954">
    <p class='ocr_par' dir='ltr' id='par_1_2' title="bbox 82 521 926 2954">
     <span class='ocr_line' id='line_1_3' title="bbox 154 521 833 606; baseline 0.001 -20"><span class='ocrx_word' id='word_1_10' title='bbox 154 525 267 586; x_wconf 81' lang='lat' dir='ltr'>vulnere</span> <span class='ocrx_word' id='word_1_11' title='bbox 297 523 435 602; x_wconf 87' lang='lat' dir='ltr'>pestilenti</span> <span class='ocrx_word' id='word_1_12' title='bbox 463 521 643 606; x_wconf 86' lang='lat' dir='ltr'>consumptus</span> <span class='ocrx_word' id='word_1_13' title='bbox 727 571 736 598; x_wconf 94' lang='lat'>,</span> <span class='ocrx_word' id='word_1_14' title='bbox 768 525 833 588; x_wconf 82' lang='lat' dir='ltr'>etim</span> 
     </span>
     <span class='ocr_line' id='line_1_4' title="bbox 155 601 832 688; baseline 0.004 -24"><span class='ocrx_word' id='word_1_15' title='bbox 155 627 253 688; x_wconf 85' lang='lat' dir='ltr'>agrum</span> <span class='ocrx_word' id='word_1_16' title='bbox 281 601 347 666; x_wconf 88' lang='lat' dir='ltr'>satis</span> <span class='ocrx_word' id='word_1_17' title='bbox 374 604 546 684; x_wconf 84' lang='lat' dir='ltr'>Reipublicae</span> <span class='ocrx_word' id='word_1_18' title='bbox 571 606 832 680; x_wconf 85' lang='lat' dir='ltr'>commodantem,</span> 
     </span>
     <span class='ocr_line' id='line_1_5' title="bbox 155 685 835 768; baseline 0.006 -23"><span class='ocrx_word' id='word_1_19' title='bbox 155 687 230 746; x_wconf 77' lang='lat' dir='ltr'>caesis</span> <span class='ocrx_word' id='word_1_20' title='bbox 253 687 426 746; x_wconf 79' lang='lat' dir='ltr'>immanibus</span> <span class='ocrx_word' id='word_1_21' title='bbox 450 686 527 747; x_wconf 79' lang='lat' dir='ltr'>silvis</span> <span class='ocrx_word' id='word_1_22' title='bbox 543 733 555 757; x_wconf 94' lang='lat'>,</span> <span class='ocrx_word' id='word_1_23' title='bbox 579 706 664 768; x_wconf 87' lang='lat' dir='ltr'>atque</span> <span class='ocrx_word' id='word_1_24' title='bbox 687 685 784 748; x_wconf 80' lang='lat' dir='ltr'>emiffo</span> <span class='ocrx_word' id='word_1_25' title='bbox 804 692 835 749; x_wconf 90' lang='lat' dir='ltr'>in</span> 
     </span>
     <span class='ocr_line' id='line_1_6' title="bbox 153 763 835 848; baseline 0.001 -20"><span class='ocrx_word' id='word_1_26' title='bbox 153 766 321 828; x_wconf 88' lang='lat' dir='ltr'>Danubium</span> <span class='ocrx_word' id='word_1_27' title='bbox 341 767 404 828; x_wconf 88' lang='lat' dir='ltr'>lacu</span> <span class='ocrx_word' id='word_1_28' title='bbox 419 763 536 826; x_wconf 88' lang='lat' dir='ltr'>Pelsone</span> <span class='ocrx_word' id='word_1_29' title='bbox 551 811 560 838; x_wconf 93' lang='lat'>,</span> <span class='ocrx_word' id='word_1_30' title='bbox 582 768 656 848; x_wconf 82' lang='lat' dir='ltr'>apud</span> <span class='ocrx_word' id='word_1_31' title='bbox 671 769 835 829; x_wconf 86' lang='lat' dir='ltr'>Pannonios</span> 
     </span>
     <span class='ocr_line' id='line_1_7' title="bbox 155 844 836 930; baseline 0.003 -22"><span class='ocrx_word' id='word_1_32' title='bbox 155 844 269 909; x_wconf 80' lang='lat' dir='ltr'>lecillet.</span> <span class='ocrx_word' id='word_1_33' title='bbox 297 847 388 926; x_wconf 87' lang='lat' dir='ltr'>Cujus</span> <span class='ocrx_word' id='word_1_34' title='bbox 416 847 507 930; x_wconf 68' lang='lat' dir='ltr'>gratib</span> <span class='ocrx_word' id='word_1_35' title='bbox 538 850 715 927; x_wconf 73' lang='lat' dir='ltr'>provintiam,</span> <span class='ocrx_word' id='word_1_36' title='bbox 743 853 836 911; x_wconf 87' lang='lat' dir='ltr'>uxoris</span> 
     </span>
     <span class='ocr_line' id='line_1_8' title="bbox 155 929 834 1012; baseline 0.001 -22"><span class='ocrx_word' id='word_1_37' title='bbox 155 931 273 990; x_wconf 85' lang='lat' dir='ltr'>nomine</span> <span class='ocrx_word' id='word_1_38' title='bbox 293 929 441 989; x_wconf 87' lang='lat' dir='ltr'>Valeriam</span> <span class='ocrx_word' id='word_1_39' title='bbox 463 930 622 1010; x_wconf 84' lang='lat' dir='ltr'>appellavit.</span> <span class='ocrx_word' id='word_1_40' title='bbox 648 930 725 989; x_wconf 89' lang='lat' dir='ltr'>Huic</span> <span class='ocrx_word' id='word_1_41' title='bbox 746 935 834 1012; x_wconf 89' lang='lat' dir='ltr'>quin-</span> 
     </span>
     <span class='ocr_line' id='line_1_9' title="bbox 176 1008 835 1092; baseline 0.002 -22"><span class='ocrx_word' id='word_1_42' title='bbox 176 1012 272 1071; x_wconf 85' lang='lat' dir='ltr'>uennii</span> <span class='ocrx_word' id='word_1_43' title='bbox 300 1012 479 1092; x_wconf 89' lang='lat' dir='ltr'>imperium,</span> <span class='ocrx_word' id='word_1_44' title='bbox 512 1008 682 1072; x_wconf 88' lang='lat' dir='ltr'>Constantio</span> <span class='ocrx_word' id='word_1_45' title='bbox 710 1033 835 1071; x_wconf 87' lang='lat' dir='ltr'>annuum</span> 
     </span>
     <span class='ocr_line' id='line_1_10' title="bbox 155 1033 834 1172; baseline 0 -20"><span class='ocrx_word' id='word_1_46' title='bbox 155 1033 234 1165; x_wconf 70' lang='lat' dir='ltr'>luit,</span> <span class='ocrx_word' id='word_1_47' title='bbox 256 1089 321 1152; x_wconf 82' lang='lat' dir='ltr'>crim</span> <span class='ocrx_word' id='word_1_48' title='bbox 342 1089 408 1152; x_wconf 89' lang='lat' dir='ltr'>sane</span> <span class='ocrx_word' id='word_1_49' title='bbox 429 1111 543 1172; x_wconf 86' lang='lat' dir='ltr'>uterque</span> <span class='ocrx_word' id='word_1_50' title='bbox 560 1095 716 1171; x_wconf 86' lang='lat' dir='ltr'>potentiam</span> <span class='ocrx_word' id='word_1_51' title='bbox 733 1090 834 1152; x_wconf 84' lang='lat' dir='ltr'>Caela-</span> 
     </span>
     <span class='ocr_line' id='line_1_11' title="bbox 155 1169 837 1256; baseline 0 -24"><span class='ocrx_word' id='word_1_52' title='bbox 155 1194 219 1232; x_wconf 87' lang='lat' dir='ltr'>rum</span> <span class='ocrx_word' id='word_1_53' title='bbox 239 1195 328 1234; x_wconf 85' lang='lat' dir='ltr'>annos</span> <span class='ocrx_word' id='word_1_54' title='bbox 346 1173 478 1234; x_wconf 86' lang='lat' dir='ltr'>tredecim</span> <span class='ocrx_word' id='word_1_55' title='bbox 496 1169 645 1256; x_wconf 83' lang='lat' dir='ltr'>gessilsent.</span> <span class='ocrx_word' id='word_1_56' title='bbox 671 1171 753 1233; x_wconf 84' lang='lat' dir='ltr'>Adeb</span> <span class='ocrx_word' id='word_1_57' title='bbox 771 1175 837 1232; x_wconf 90' lang='lat' dir='ltr'>miri</span> 
     </span>
     <span class='ocr_line' id='line_1_12' title="bbox 156 1252 835 1335; baseline -0.003 -21"><span class='ocrx_word' id='word_1_58' title='bbox 156 1274 261 1314; x_wconf 83' lang='lat' dir='ltr'>naturae</span> <span class='ocrx_word' id='word_1_59' title='bbox 279 1255 404 1326; x_wconf 86' lang='lat' dir='ltr'>officiis,</span> <span class='ocrx_word' id='word_1_60' title='bbox 428 1274 459 1314; x_wconf 91' lang='lat' dir='ltr'>ut</span> <span class='ocrx_word' id='word_1_61' title='bbox 476 1275 508 1315; x_wconf 87' lang='lat' dir='ltr'>ea</span> <span class='ocrx_word' id='word_1_62' title='bbox 528 1255 551 1313; x_wconf 89' lang='lat' dir='ltr'>si</span> <span class='ocrx_word' id='word_1_63' title='bbox 570 1252 586 1314; x_wconf 64' lang='lat' dir='ltr'>*a</span> <span class='ocrx_word' id='word_1_64' title='bbox 603 1254 693 1314; x_wconf 73' lang='lat' dir='ltr'>doctis</span> <span class='ocrx_word' id='word_1_65' title='bbox 711 1257 835 1335; x_wconf 69' lang='lat' dir='ltr'>pastori·</span> 
     </span>
     <span class='ocr_line' id='line_1_13' title="bbox 157 1333 836 1416; baseline 0 -22"><span class='ocrx_word' id='word_1_66' title='bbox 157 1335 210 1394; x_wconf 85' lang='lat' dir='ltr'>bus</span> <span class='ocrx_word' id='word_1_67' title='bbox 220 1333 484 1414; x_wconf 80' lang='lat' dir='ltr'>&#39;proficiscerentut,</span> <span class='ocrx_word' id='word_1_68' title='bbox 508 1356 598 1416; x_wconf 87' lang='lat' dir='ltr'>neque</span> <span class='ocrx_word' id='word_1_69' title='bbox 614 1333 768 1396; x_wconf 86' lang='lat' dir='ltr'>insulsitate</span> <span class='ocrx_word' id='word_1_70' title='bbox 784 1334 836 1395; x_wconf 78' lang='lat' dir='ltr'>of·</span> 
     </span>
     <span class='ocr_line' id='line_1_14' title="bbox 156 1413 836 1498; baseline 0 -22"><span class='ocrx_word' id='word_1_71' title='bbox 156 1415 325 1488; x_wconf 77' lang='lat' dir='ltr'>senderent,</span> <span class='ocrx_word' id='word_1_72' title='bbox 346 1413 422 1476; x_wconf 89' lang='lat' dir='ltr'>baud</span> <span class='ocrx_word' id='word_1_73' title='bbox 441 1416 526 1476; x_wconf 70' lang='lat' dir='ltr'>dubia</span> <span class='ocrx_word' id='word_1_74' title='bbox 539 1419 675 1498; x_wconf 85' lang='lat' dir='ltr'>praecipua</span> <span class='ocrx_word' id='word_1_75' title='bbox 696 1414 836 1477; x_wconf 84' lang='lat' dir='ltr'>haberen-</span> 
     </span>
     <span class='ocr_line' id='line_1_15' title="bbox 82 1495 837 1577; baseline 0.003 -21"><span class='ocrx_word' id='word_1_76' title='bbox 82 1569 85 1577; x_wconf 19' lang='grc' dir='ltr'><strong>Δ</strong></span> <span class='ocrx_word' id='word_1_77' title='bbox 157 1515 211 1557; x_wconf 90' lang='lat' dir='ltr'>tur.</span> <span class='ocrx_word' id='word_1_78' title='bbox 237 1497 334 1574; x_wconf 88' lang='lat' dir='ltr'>Quare</span> <span class='ocrx_word' id='word_1_79' title='bbox 360 1515 534 1576; x_wconf 86' lang='lat' dir='ltr'>compertum</span> <span class='ocrx_word' id='word_1_80' title='bbox 556 1495 596 1554; x_wconf 86' lang='lat' dir='ltr'>est</span> <span class='ocrx_word' id='word_1_81' title='bbox 621 1497 837 1570; x_wconf 88' lang='lat' dir='ltr'>eruditionem,</span> 
     </span>
     <span class='ocr_line' id='line_1_16' title="bbox 156 1575 836 1672; baseline 0.003 -36"><span class='ocrx_word' id='word_1_82' title='bbox 156 1578 351 1672; x_wconf 74' lang='lat' dir='ltr'>elegantiam,</span> <span class='ocrx_word' id='word_1_83' title='bbox 375 1579 538 1636; x_wconf 86' lang='lat' dir='ltr'>comitatem</span> <span class='ocrx_word' id='word_1_84' title='bbox 558 1575 731 1656; x_wconf 74' lang='lat' dir='ltr'>prasertim,</span> <span class='ocrx_word' id='word_1_85' title='bbox 754 1579 836 1638; x_wconf 87' lang='lat' dir='ltr'>Prin-</span> 
     </span>
     <span class='ocr_line' id='line_1_17' title="bbox 158 1653 840 1736; baseline 0.004 -20"><span class='ocrx_word' id='word_1_86' title='bbox 158 1659 268 1736; x_wconf 75' lang='lat' dir='ltr'>cipibus</span> <span class='ocrx_word' id='word_1_87' title='bbox 289 1653 449 1717; x_wconf 82' lang='lat' dir='ltr'>neceffarias</span> <span class='ocrx_word' id='word_1_88' title='bbox 465 1653 543 1726; x_wconf 79' lang='lat' dir='ltr'>ess&#39;e,</span> <span class='ocrx_word' id='word_1_89' title='bbox 565 1654 629 1716; x_wconf 87' lang='lat' dir='ltr'>ctim</span> <span class='ocrx_word' id='word_1_90' title='bbox 647 1659 706 1716; x_wconf 90' lang='lat' dir='ltr'>sine</span> <span class='ocrx_word' id='word_1_91' title='bbox 726 1655 770 1718; x_wconf 89' lang='lat' dir='ltr'>his</span> <span class='ocrx_word' id='word_1_92' title='bbox 790 1681 840 1719; x_wconf 87' lang='lat' dir='ltr'>na·</span> 
     </span>
     <span class='ocr_line' id='line_1_18' title="bbox 160 1738 839 1818; baseline 0.003 -21"><span class='ocrx_word' id='word_1_93' title='bbox 160 1755 226 1798; x_wconf 80' lang='lat' dir='ltr'>tutae</span> <span class='ocrx_word' id='word_1_94' title='bbox 258 1738 335 1798; x_wconf 89' lang='lat' dir='ltr'>bona</span> <span class='ocrx_word' id='word_1_95' title='bbox 366 1739 446 1818; x_wconf 89' lang='lat' dir='ltr'>quasi</span> <span class='ocrx_word' id='word_1_96' title='bbox 475 1740 644 1818; x_wconf 87' lang='lat' dir='ltr'>incompta,</span> <span class='ocrx_word' id='word_1_97' title='bbox 672 1758 720 1798; x_wconf 89' lang='lat' dir='ltr'>aut</span> <span class='ocrx_word' id='word_1_98' title='bbox 753 1741 839 1800; x_wconf 88' lang='lat' dir='ltr'>etiam</span> 
     </span>
     <span class='ocr_line' id='line_1_19' title="bbox 159 1815 838 1901; baseline 0.007 -25"><span class='ocrx_word' id='word_1_99' title='bbox 159 1815 273 1878; x_wconf 91' lang='lat' dir='ltr'>horrida</span> <span class='ocrx_word' id='word_1_100' title='bbox 292 1816 432 1898; x_wconf 67' lang='lat' dir='ltr'>despeflui</span> <span class='ocrx_word' id='word_1_101' title='bbox 451 1821 529 1889; x_wconf 82' lang='lat' dir='ltr'>sint3</span> <span class='ocrx_word' id='word_1_102' title='bbox 549 1836 700 1901; x_wconf 72' lang='lat' dir='ltr'>contraque</span> <span class='ocrx_word' id='word_1_103' title='bbox 720 1839 753 1880; x_wconf 85' lang='lat' dir='ltr'>ea</span> <span class='ocrx_word' id='word_1_104' title='bbox 771 1820 838 1881; x_wconf 83' lang='lat' dir='ltr'>Pet-</span> 
     </span>
     <span class='ocr_line' id='line_1_20' title="bbox 160 1897 839 1984; baseline 0.004 -25"><span class='ocrx_word' id='word_1_105' title='bbox 160 1897 253 1960; x_wconf 88' lang='lat' dir='ltr'>sarum</span> <span class='ocrx_word' id='word_1_106' title='bbox 268 1903 329 1984; x_wconf 87' lang='lat' dir='ltr'>tegi</span> <span class='ocrx_word' id='word_1_107' title='bbox 341 1899 420 1981; x_wconf 82' lang='lat' dir='ltr'>Cyro</span> <span class='ocrx_word' id='word_1_108' title='bbox 433 1919 564 1960; x_wconf 86' lang='lat' dir='ltr'>aetetnam</span> <span class='ocrx_word' id='word_1_109' title='bbox 579 1901 700 1984; x_wconf 82' lang='lat' dir='ltr'>gloriam</span> <span class='ocrx_word' id='word_1_110' title='bbox 721 1923 839 1982; x_wconf 86' lang='lat' dir='ltr'>patave-</span> 
     </span>
     <span class='ocr_line' id='line_1_21' title="bbox 158 1980 837 2056; baseline 0.003 -16"><span class='ocrx_word' id='word_1_111' title='bbox 158 1983 223 2042; x_wconf 89' lang='lat' dir='ltr'>tint.</span> <span class='ocrx_word' id='word_1_112' title='bbox 263 1986 303 2040; x_wconf 85' lang='lat' dir='ltr'>At</span> <span class='ocrx_word' id='word_1_113' title='bbox 334 1981 472 2042; x_wconf 71' lang='lat' dir='ltr'>memotib</span> <span class='ocrx_word' id='word_1_114' title='bbox 502 1980 566 2041; x_wconf 76' lang='lat' dir='ltr'>meai</span> <span class='ocrx_word' id='word_1_115' title='bbox 591 1981 837 2056; x_wconf 83' lang='lat' dir='ltr'>Constantinum,</span> 
     </span>
     <span class='ocr_line' id='line_1_22' title="bbox 159 2063 837 2144; baseline 0.001 -22"><span class='ocrx_word' id='word_1_116' title='bbox 159 2083 333 2144; x_wconf 87' lang='lat' dir='ltr'>quamquam</span> <span class='ocrx_word' id='word_1_117' title='bbox 355 2063 458 2122; x_wconf 77' lang='lat' dir='ltr'>caeteris</span> <span class='ocrx_word' id='word_1_118' title='bbox 477 2081 639 2141; x_wconf 86' lang='lat' dir='ltr'>promptum</span> <span class='ocrx_word' id='word_1_119' title='bbox 665 2065 837 2135; x_wconf 84' lang='lat' dir='ltr'>virtutibus,</span> 
     </span>
     <span class='ocr_line' id='line_1_23' title="bbox 159 2141 836 2224; baseline 0.001 -22"><span class='ocrx_word' id='word_1_120' title='bbox 159 2143 196 2202; x_wconf 87' lang='lat' dir='ltr'>ad</span> <span class='ocrx_word' id='word_1_121' title='bbox 219 2142 307 2224; x_wconf 88' lang='lat' dir='ltr'>usque</span> <span class='ocrx_word' id='word_1_122' title='bbox 330 2141 400 2202; x_wconf 88' lang='lat' dir='ltr'>astra</span> <span class='ocrx_word' id='word_1_123' title='bbox 423 2145 497 2204; x_wconf 81' lang='lat' dir='ltr'>votis</span> <span class='ocrx_word' id='word_1_124' title='bbox 524 2146 654 2202; x_wconf 81' lang='lat' dir='ltr'>omnium</span> <span class='ocrx_word' id='word_1_125' title='bbox 678 2142 836 2205; x_wconf 63' lang='lat' dir='ltr'>subtexere.</span> 
     </span>
     <span class='ocr_line' id='line_1_24' title="bbox 159 2220 836 2304; baseline 0.001 -22"><span class='ocrx_word' id='word_1_126' title='bbox 159 2223 220 2300; x_wconf 91' lang='lat' dir='ltr'>Qui</span> <span class='ocrx_word' id='word_1_127' title='bbox 238 2222 365 2304; x_wconf 69' lang='lat' dir='ltr'>profestb</span> <span class='ocrx_word' id='word_1_128' title='bbox 383 2225 406 2283; x_wconf 87' lang='lat' dir='ltr'>si</span> <span class='ocrx_word' id='word_1_129' title='bbox 419 2220 619 2284; x_wconf 78' lang='lat' dir='ltr'>munificentia:</span> <span class='ocrx_word' id='word_1_130' title='bbox 635 2242 719 2304; x_wconf 86' lang='lat' dir='ltr'>atque</span> <span class='ocrx_word' id='word_1_131' title='bbox 738 2224 836 2284; x_wconf 86' lang='lat' dir='ltr'>ambi-</span> 
     </span>
     <span class='ocr_line' id='line_1_25' title="bbox 159 2294 926 2384; baseline -0.001 -19"><span class='ocrx_word' id='word_1_132' title='bbox 159 2307 233 2366; x_wconf 89' lang='lat' dir='ltr'>tioni</span> <span class='ocrx_word' id='word_1_133' title='bbox 257 2303 404 2374; x_wconf 85' lang='lat' dir='ltr'>modum,</span> <span class='ocrx_word' id='word_1_134' title='bbox 427 2301 526 2384; x_wconf 88' lang='lat' dir='ltr'>hisque</span> <span class='ocrx_word' id='word_1_135' title='bbox 549 2304 653 2364; x_wconf 88' lang='lat' dir='ltr'>artibus</span> <span class='ocrx_word' id='word_1_136' title='bbox 677 2302 808 2364; x_wconf 82' lang='lat' dir='ltr'>statuisset</span> <span class='ocrx_word' id='word_1_137' title='bbox 826 2294 842 2378; x_wconf 67' lang='lat'>,⁸</span> <span class='ocrx_word' id='word_1_138' title='bbox 923 2341 926 2348; x_wconf 91' lang='lat'><strong>·</strong></span> 
     </span>
     <span class='ocr_line' id='line_1_26' title="bbox 159 2384 837 2468; baseline 0 -23"><span class='ocrx_word' id='word_1_139' title='bbox 159 2385 221 2466; x_wconf 85' lang='lat' dir='ltr'>quis</span> <span class='ocrx_word' id='word_1_140' title='bbox 241 2385 378 2466; x_wconf 71' lang='lat' dir='ltr'>pracipul</span> <span class='ocrx_word' id='word_1_141' title='bbox 390 2384 486 2446; x_wconf 89' lang='lat' dir='ltr'>adulta</span> <span class='ocrx_word' id='word_1_142' title='bbox 503 2387 618 2468; x_wconf 84' lang='lat' dir='ltr'>ingenia</span> <span class='ocrx_word' id='word_1_143' title='bbox 636 2386 731 2468; x_wconf 82' lang='lat' dir='ltr'>glotiae</span> <span class='ocrx_word' id='word_1_144' title='bbox 745 2384 837 2446; x_wconf 89' lang='lat' dir='ltr'>studio</span> 
     </span>
     <span class='ocr_line' id='line_1_27' title="bbox 178 2464 836 2550; baseline 0 -24"><span class='ocrx_word' id='word_1_145' title='bbox 178 2464 300 2550; x_wconf 79' lang='lat' dir='ltr'>cogrellu</span> <span class='ocrx_word' id='word_1_146' title='bbox 316 2467 428 2550; x_wconf 73' lang='lat' dir='ltr'>longius</span> <span class='ocrx_word' id='word_1_147' title='bbox 447 2468 477 2540; x_wconf 81' lang='lat' dir='ltr'>in</span> <span class='ocrx_word' id='word_1_148' title='bbox 494 2467 663 2526; x_wconf 86' lang='lat' dir='ltr'>contrarium</span> <span class='ocrx_word' id='word_1_149' title='bbox 682 2467 836 2539; x_wconf 88' lang='lat' dir='ltr'>labuntur,</span> 
     </span>
     <span class='ocr_line' id='line_1_28' title="bbox 159 2487 838 2610; baseline 0.001 -4"><span class='ocrx_word' id='word_1_150' title='bbox 159 2487 235 2608; x_wconf 76' lang='lat' dir='ltr'>baud</span> <span class='ocrx_word' id='word_1_151' title='bbox 255 2549 376 2610; x_wconf 88' lang='lat' dir='ltr'>multum</span> <span class='ocrx_word' id='word_1_152' title='bbox 397 2545 501 2608; x_wconf 80' lang='lat' dir='ltr'>abellet</span> <span class='ocrx_word' id='word_1_153' title='bbox 521 2548 595 2608; x_wconf 90' lang='lat' dir='ltr'>Deo.</span> <span class='ocrx_word' id='word_1_154' title='bbox 620 2547 647 2607; x_wconf 92' lang='lat' dir='ltr'>Is</span> <span class='ocrx_word' id='word_1_155' title='bbox 665 2549 715 2608; x_wconf 89' lang='lat' dir='ltr'>ubi</span> <span class='ocrx_word' id='word_1_156' title='bbox 738 2547 838 2609; x_wconf 81' lang='lat' dir='ltr'>vallati</span> 
     </span>
     <span class='ocr_line' id='line_1_29' title="bbox 160 2628 838 2710; baseline -0.003 -20"><span class='ocrx_word' id='word_1_157' title='bbox 160 2628 294 2700; x_wconf 89' lang='lat' dir='ltr'>Urbem,</span> <span class='ocrx_word' id='word_1_158' title='bbox 316 2649 400 2710; x_wconf 84' lang='lat' dir='ltr'>atque</span> <span class='ocrx_word' id='word_1_159' title='bbox 418 2629 531 2688; x_wconf 87' lang='lat' dir='ltr'>Italiam</span> <span class='ocrx_word' id='word_1_160' title='bbox 550 2629 709 2710; x_wconf 85' lang='lat' dir='ltr'>comperit,</span> <span class='ocrx_word' id='word_1_161' title='bbox 729 2628 838 2710; x_wconf 86' lang='lat' dir='ltr'>pulsos-</span> 
     </span>
     <span class='ocr_line' id='line_1_30' title="bbox 162 2709 836 2790; baseline 0.003 -22"><span class='ocrx_word' id='word_1_162' title='bbox 162 2731 216 2790; x_wconf 84' lang='lat' dir='ltr'>que</span> <span class='ocrx_word' id='word_1_163' title='bbox 236 2709 284 2770; x_wconf 87' lang='lat' dir='ltr'>seu</span> <span class='ocrx_word' id='word_1_164' title='bbox 300 2711 458 2790; x_wconf 85' lang='lat' dir='ltr'>redemptos</span> <span class='ocrx_word' id='word_1_165' title='bbox 475 2711 634 2781; x_wconf 84' lang='lat' dir='ltr'>exercitus,</span> <span class='ocrx_word' id='word_1_166' title='bbox 657 2719 684 2770; x_wconf 76' lang='grc' dir='ltr'>δι</span> <span class='ocrx_word' id='word_1_167' title='bbox 708 2711 836 2788; x_wconf 80' lang='lat' dir='ltr'>Impera-</span> 
     </span>
     <span class='ocr_line' id='line_1_31' title="bbox 163 2790 838 2871; baseline 0.001 -22"><span class='ocrx_word' id='word_1_168' title='bbox 163 2809 235 2849; x_wconf 85' lang='lat' dir='ltr'>tores</span> <span class='ocrx_word' id='word_1_169' title='bbox 251 2791 346 2862; x_wconf 90' lang='lat' dir='ltr'>duos,</span> <span class='ocrx_word' id='word_1_170' title='bbox 370 2790 527 2871; x_wconf 66' lang='lat' dir='ltr'>composita</span> <span class='ocrx_word' id='word_1_171' title='bbox 547 2811 614 2870; x_wconf 85' lang='lat' dir='ltr'>pace</span> <span class='ocrx_word' id='word_1_172' title='bbox 637 2811 685 2870; x_wconf 87' lang='lat' dir='ltr'>pet</span> <span class='ocrx_word' id='word_1_173' title='bbox 704 2790 838 2862; x_wconf 84' lang='lat' dir='ltr'>Gallias,</span> 
     </span>
     <span class='ocr_line' id='line_1_32' title="bbox 161 2869 839 2954; baseline 0.001 -22"><span class='ocrx_word' id='word_1_174' title='bbox 161 2871 341 2936; x_wconf 81' lang='lat' dir='ltr'>Maxentium</span> <span class='ocrx_word' id='word_1_175' title='bbox 359 2875 438 2954; x_wconf 83' lang='lat' dir='ltr'>petit.</span> <span class='ocrx_word' id='word_1_176' title='bbox 456 2870 500 2934; x_wconf 78' lang='lat' dir='ltr'>Es</span> <span class='ocrx_word' id='word_1_177' title='bbox 516 2869 677 2952; x_wconf 85' lang='lat' dir='ltr'>tempestate</span> <span class='ocrx_word' id='word_1_178' title='bbox 690 2873 764 2952; x_wconf 89' lang='lat' dir='ltr'>apud</span> <span class='ocrx_word' id='word_1_179' title='bbox 777 2872 839 2932; x_wconf 75' lang='lat' dir='ltr'>1&gt;oe-</span> 
     </span>
    </p>
   </div>
   <div class='ocr_carea' id='block_1_3' title="bbox 0 0 1085 3664">
    <p class='ocr_par' dir='ltr' id='par_1_3' title="bbox 0 0 1085 3664">
     <span class='ocr_line' id='line_1_33' title="bbox 0 0 1085 3664; baseline 0 0"><span class='ocrx_word' id='word_1_180' title='bbox 0 0 1085 3664; x_wconf 95' lang='lat' dir='ltr'> </span> 
     </span>
    </p>
   </div>
  </div>
 </body>
</html>
