2060 3662
226 326 274 416 36
411 325 737 395 -Euraor1r

221 444 325 506 ambos
342 442 485 506 Consules
502 447 636 514 monuit,
660 463 691 504 ut
711 437 908 520 Hannibalem

224 525 360 586 callidum
377 536 404 586 &
421 529 615 606 impatientem
635 526 736 586 ducem
751 547 810 586 non
828 525 909 586 aliter

223 609 386 679 vincerent,
411 606 498 688 quam
514 608 639 688 praelium
657 604 822 669 differendo.
839 607 905 666 Ve-

223 687 287 748 nim
309 687 373 747 etim
393 687 571 770 impatientia
588 688 727 748 Varronis
747 685 907 760 Consulis,
995 720 998 723 ·

224 769 433 830 contradicente
463 769 591 831 Consule
617 769 732 841 altero,
757 767 831 850 apud
857 771 905 828 vi-

226 871 317 920 cum,
340 853 389 932 qui
414 849 523 912 Cannar
551 849 725 930 appellatur,
748 851 778 910 in
803 849 909 928 Apulia

226 951 384 1016 pugnatum
405 929 490 1003 esset,
512 931 600 992 ambo
620 929 760 993 Consules
775 931 812 992 ab
824 931 908 991 Han-

226 1013 323 1091 nibale
345 1015 500 1074 vincuntur.
522 1009 611 1076 Ineb
630 1009 725 1096 pugni
744 1015 796 1072 tria
818 1013 909 1073 millia

227 1093 364 1154 Afrotum
379 1113 513 1174 pereunt3
532 1115 580 1153 ma
601 1116 637 1152 na
657 1115 718 1174 pars
736 1091 771 1152 de
788 1096 909 1154 exercitu

228 1175 402 1250 Hannibalis
420 1174 566 1235 sauciatur.
581 1115 672 1234 llullo
690 1193 787 1234 tamen
799 1175 909 1235 Punico
949 1177 954 1190 ’

229 1253 308 1316 bello
325 1256 451 1316 Romani
466 1252 576 1339 gravius
592 1257 700 1336 accepti
717 1253 781 1315 sunt
802 1279 808 1312 :
828 1257 912 1335 periit

229 1339 309 1396 enim
325 1338 355 1396 in
377 1357 411 1395 eo
424 1335 561 1396 AEmilius
571 1337 673 1396 Paulus
691 1334 788 1396 consul
803 1359 813 1406 3
827 1335 912 1400 ,Con-

230 1414 333 1478 sulares
349 1418 513 1478 &Praetorii
531 1419 653 1500 viginti3
674 1417 820 1477 Senatores
836 1419 915 1498 capti

230 1518 281 1574 aut
302 1499 388 1560 occisi
411 1499 551 1581 triginta-3
573 1498 682 1558 nobiles
700 1499 753 1559 viti
771 1501 911 1570 trecenti;

232 1581 356 1639 rnilitum
375 1579 562 1662 quadraginta
576 1579 666 1639 millia
679 1619 697 1650 ,·
713 1581 839 1660 equitum
860 1582 915 1642 tria

231 1661 324 1721 millia
342 1669 368 1721 &
384 1662 541 1744 quingenti.
560 1659 594 1720 In
610 1659 711 1742 quibus
728 1661 811 1720 malis
826 1681 914 1721 nemo

233 1757 331 1802 tamen
349 1743 546 1802 Romanorum
566 1743 642 1820 pacis
661 1743 836 1802 mentionem
855 1740 912 1802 ha-

234 1821 301 1882 bere
323 1823 455 1906 dignatus
476 1821 525 1882 est.-
545 1823 645 1893 Servi,
667 1821 746 1903 quod
766 1844 915 1904 nunquam

232 1905 324 1976 ante,
348 1904 537 1974 manumissi,
559 1911 586 1962 &
602 1905 706 1964 milites
721 1903 791 1963 fasti
809 1903 881 1964 sunt.

274 1983 334 2045 XI.
366 1982 432 2044 Post
461 2003 525 2043 eam
552 2004 677 2067 pugnam
705 1985 800 2044 multa
826 1985 916 2045 Italia

232 2066 386 2136 civitates,
409 2087 470 2148 qua
486 2065 625 2126 Romanis
640 2083 808 2146 paruerant,
829 2065 857 2126 se
878 2066 915 2126 ad

233 2145 430 2208 Hannibalem
453 2145 656 2207 transtulerunt.
680 2147 829 2206 Hannibal
848 2147 915 2206 Ro-

234 2230 328 2288 manis
356 2227 484 2300 obtulit,
511 2247 542 2288 ut
569 2229 694 2308 captivos
720 2226 916 2288 redimerentr

234 2306 455 2390 responsumque
468 2307 507 2368 est
525 2307 542 2368 ὲ
555 2309 660 2368 Senatu
673 2354 683 2380 ,
704 2329 752 2368 eos
767 2311 840 2368 cives
856 2332 917 2372 non

237 2385 493 2460 essetnecessarios,
534 2391 588 2460 ui,
607 2387 671 2448 etim
689 2391 791 2450 armati
809 2387 894 2450 essent
903 2437 916 2464 ,

236 2473 301 2552 capi
326 2467 483 2550 potuissent.
509 2469 521 2529 l
546 2491 561 2528 e
588 2491 686 2531 omnes
710 2469 805 2550 postea
832 2473 918 2533 variis

236 2549 381 2632 suppliciis
394 2550 533 2612 interfecit
547 2598 558 2623 ,
573 2560 601 2611 &
619 2571 671 2612 tres
690 2551 803 2616 modios
821 2574 919 2612 aureo-

237 2653 300 2693 rum
320 2633 487 2693 annulorum
505 2629 824 2716 Carthaginem'misit‚
847 2655 918 2715 quos

239 2713 256 2772 ὲ
280 2715 410 2774 manibus
434 2715 561 2794 equitum
579 2713 797 2786 Romanorum,
823 2715 917 2775 Sena-

217 2815 354 2864 storum,
374 2804 401 2854 δι
420 2797 543 2854 militum
558 2841 568 2864 ,
584 2794 745 2854 detraxerat.
761 2795 870 2854 Interea
888 2798 917 2856 in

229 2873 397 2958 Hispaniis,
413 2875 462 2936 ubi
478 2875 561 2937 frater
574 2875 744 2940 Hannibalis
755 2874 919 2964 Hasdrubal
