2110 3666
313 359 663 416 remorre,
752 350 817 432 29'5

143 469 221 528 mani
234 465 328 526 furore
346 463 491 536 insontes,
513 473 541 526 δι
559 465 680 534 noxios,
695 461 758 522 suos
773 485 824 543 pa·

142 553 209 610 riter
229 545 412 627 externosque
434 548 563 626 puniret,
587 543 714 604 resolutis
742 545 823 604 miii-

143 633 186 692 tiae
205 630 331 699 artibus,
347 628 484 688 Armenia
499 647 548 708 per
561 623 699 695 Parthos,
718 625 825 686 Moesia

140 708 163 770 ei-
177 711 287 782 Dacis,
309 709 457 770 Pannonia
476 706 493 767 ‘a
512 709 668 778 Sarmatis,
690 706 786 767 Gallia
808 706 826 768 d

142 789 271 852 finitimis
298 791 427 873 gentibus
452 787 564 869 direptae
587 786 659 848 sunt.
684 787 736 846 Ille
758 785 826 848 Post

142 870 380 956 septuagesimum
396 874 533 930 odiavum
554 867 682 938 annum‘,
698 878 726 928 &
744 890 827 929 men·

142 952 202 1094 {ppo
217 971 373 1036 quartum,
396 951 505 1013 insidiis
523 945 664 1034 Caligulas
678 947 826 1012 exstinctus

183 1115 246 1176 ΙΙΙ.
268 1113 403 1198 Caligula!
419 1115 567 1195 imperavit
584 1134 674 1176 annos
693 1131 824 1195 quatuor.

143 1193 198 1256 Iste
221 1194 293 1256 iilius
317 1195 371 1256 firit
396 1196 580 1268 Germanici,
601 1203 629 1256 δι
651 1197 718 1276 quia
742 1214 826 1258 natus

143 1278 174 1336 irr
194 1279 314 1338 exercitu
337 1275 447 1349 fuerat,
467 1295 689 1360 cognomentum
710 1276 824 1356 calcea-

142 1361 233 1418 menti
250 1359 401 1430 militaris,
420 1358 450 1418 id
471 1357 531 1432 est,
550 1357 692 1442 Caiigulae
711 1355 824 1422 sortitus

142 1438 192 1499 est.
211 1440 288 1500 Ante
303 1441 489 1519 principatum
503 1439 637 1500 omnibus
659 1459 757 1510 carus,
775 1461 825 1500 ac·

139 1519 293 1602 septusque
320 1518 397 1589 fuir,
416 1521 447 1580 in
466 1521 623 1599 principatu
641 1517 709 1579 vero
732 1520 824 1592 talis,

141 1621 173 1660 ut
201 1623 260 1662 non
284 1596 429 1659 immerito
452 1601 634 1669 volveretur,
658 1603 825 1660 atrociorem

139 1682 194 1742 ilio
207 1682 356 1742 domiuum
367 1701 425 1740 non
437 1651 526 1740 fuiiild.
539 1681 671 1760 Denique
684 1699 737 1740 tres
748 1679 825 1741 soro·

143 1781 186 1821 res
197 1759 260 1822 suas
270 1759 365 1840 stupro
375 1760 540 1820 maculavit.
559 1759 710 1843 incedebat
724 1759 825 1824 habitu

140 1841 270 1904 Deorum
292 1839 414 1904 suorum.
441 1843 543 1904 Jovem
561 1843 604 1902 ob
624 1841 786 1916 incestum,
807 1845 826 1904 ὲ

141 1921 232 1984 choro
248 1943 345 1983 aurem
362 1921 533 1986 Bacchanuli
551 1925 685 1984 Liberum
706 1924 735 1986 se
754 1922 824 1986 affe·

138 2005 226 2068 tebet·
249 2005 295 2066 De
314 2027 374 2087 quo
393 2004 543 2068 nesciocui
564 2008 686 2068 decuerit
704 2029 820 2068 memo-

139 2087 186 2146 riae
206 2086 311 2166 prodi,
329 2089 384 2146 nisi
404 2086 478 2146 forti
499 2091 566 2168 quia
583 2092 662 2166 juvat
680 2085 714 2147 de
734 2087 820 2149 Prin-

140 2168 249 2247 cipibus
273 2163 349 2226 notre
371 2171 489 2238 omnia,
513 2187 544 2226 ut
570 2168 696 2247 improbi
722 2166 846 2252 saltem
941 2181 947 2192 “

140 2245 224 2310 fame
242 2267 320 2308 metu
338 2247 406 2307 talia
423 2247 571 2326 declinent.
593 2247 627 2307 In
641 2249 746 2328 palatio
760 2273 822 2311 ma-

137 2347 235 2389 tronas
260 2328 369 2390 nobiles
399 2329 517 2409 pubiicae
545 2329 658 2389 libidini
694 2327 822 2410 subjecit.

139 2409 251 2470 Primus
273 2409 433 2471 diademate
456 2412 543 2490 capiti
571 2413 725 2492 imposito,
750 2411 821 2472 Do·

138 2493 249 2552 minum
268 2489 296 2552 se
311 2493 389 2572 jussit
408 2493 550 2574 appellari.
571 2492 607 2554 Irr
625 2489 716 2573 spatio
737 2495 823 2555 trium
844 2490 845 2494 ἵ

139 2572 262 2634 millium
282 2617 291 2643 ‚
315 2571 394 2654 quod
420 2575 451 2634 in
477 2575 540 2634 sinu
565 2573 723 2638 Puteolano
750 2577 822 2636 inter

138 2652 229 2714 moles
245 2655 343 2730 jacet,
367 2652 472 2733 duplici
496 2653 594 2716 ordine
616 2677 702 2716 naves
722 2675 822 2716 conte-

138 2755 222 2806 xens,
236 2753 326 2794 arenae
338 2731 454 2872 apgestu
467 2735 504 2794 ad
517 2755 594 2796 terrae
609 2734 729 2816 speciem
741 2737 819 2798 viam

137 2813 311 2887 solidatam,
331 2835 349 2896 p
371 2815 476 2874 aderato
497 2837 571 2896 equo
593 2819 712 2900 insignis
731 2837 819 2898 quer-

138 2893 187 2957 cei
205 2894 332 2970 toroni,
349 2897 429 2979 quasi
447 2893 621 2978 triumphans
641 2897 754 2962 indutus
770 2919 821 2960 au-

618 2977 699 3041 Niv
