2134 3668
259 342 326 404 174
390 291 795 388 AuuVrcaou

256 436 450 498 Tusculanum
468 457 603 521 generum
621 435 701 496 suurn
718 437 873 521 confugit,
889 441 941 519 qui

257 515 320 578 crini
349 518 432 578 Latio
463 521 605 578 concitato
637 519 786 578 Romanos
818 521 942 600 graviter

258 619 389 682 urgeret,
415 599 453 660 A.
480 598 639 660 Postumius
665 600 797 660 Didator
824 600 940 670 dictus,

257 680 331 759 apud
346 681 451 764 Regilli
467 682 560 740 lacum
578 701 643 740 cum
660 678 786 740 hostibus
800 683 936 740 conflixit.

258 761 320 822 Ubi
339 759 403 820 crim
419 765 538 822 victoria
555 781 684 832 nutaret,
705 760 844 844 Magister
859 763 943 842 equi-

259 863 319 926 tum
343 845 421 923 equis
445 841 539 904 srenos
557 840 665 902 detrahi
685 845 787 921 jussit,
816 863 846 901 ut
866 843 940 900 irre-

259 925 384 984 vocabili
409 925 516 1004 impetu
539 922 695 994 ferrentur,
720 925 769 982 ubi
796 931 823 983 &
848 924 947 982 aciem.

261 1006 428 1064 Latinorum
446 1003 578 1064 fuderunt
590 1014 617 1066 δι
631 1003 717 1063 castra
732 1021 870 1084 ceperunt.
885 1003 921 1063 Se

261 1088 395 1146 intereos
412 1085 469 1146 duo
488 1091 602 1166 juvenes
619 1085 747 1144 candidis
768 1086 846 1165 equis
866 1085 942 1143 insi-

262 1170 312 1250 gni
344 1169 445 1227 virtute
474 1185 682 1246 aparuerunt,
709 1185 781 1247 quos
811 1165 947 1225 Dictator

262 1250 410 1329 quaesitos,
435 1266 466 1308 ut
486 1189 580 1330 iignis
593 1248 754 1309 muneribus
772 1243 943 1316 honoraret,

262 1351 321 1389 non
338 1331 461 1409 reperit3
482 1327 631 1390 Castorem
648 1327 832 1388 &Pollucem
844 1345 920 1387 raros
935 1371 947 1400 ,

262 1412 409 1469 communi
427 1411 510 1470 titulo
528 1408 678 1470 dedicavit.

303 1491 410 1550 XVII.
428 1491 530 1550 Lucius
546 1491 697 1566 Quinctius
707 1487 895 1550 Cincinnatus
911 1487 944 1548 fi-

264 1572 333 1631 liurn
348 1570 500 1633 Caesonem
516 1573 769 1651 petulantissimum
782 1569 945 1641 abdicavit,

264 1656 315 1734 qui
333 1662 361 1713 &
381 1651 397 1712 *a
416 1652 589 1714 Censotibus
608 1672 743 1722 notatus,
765 1651 802 1711 ad
819 1648 944 1710 Volscos

265 1743 293 1794 &
326 1734 448 1796 Sabinos
477 1733 630 1816 confugit,
658 1735 708 1832 qui
739 1731 809 1792 duce
835 1731 945 1793 Cloelio

266 1813 399 1874 Graccho
413 1861 423 1886 ,
437 1814 544 1876 bellum
564 1813 710 1876 adversum
728 1813 876 1873 Romanos
895 1833 947 1895 ge-

265 1897 388 1966 rebant,
416 1905 444 1955 &
469 1896 509 1973 Q.
535 1895 698 1956 Minucium
726 1892 884 1956 Consulem
915 1895 947 1954 in

264 1976 376 2058 Algido
393 1995 490 2036 monte
506 1976 682 2037 obsidebant.
704 1975 856 2052 Quintilius
874 1975 948 2036 Dic-

267 2076 341 2118 tator
360 2057 472 2127 didius,
497 2055 534 2116 ad
553 2079 638 2138 quem
658 2058 735 2116 missi
753 2057 864 2139 legati,
889 2077 947 2116 nu-

268 2137 337 2199 dum
355 2159 420 2198 eum
440 2158 566 2198 arantem
583 2157 657 2198 trans
674 2137 804 2197 Tiberim
818 2133 949 2196 offende-

270 2237 367 2289 runt,
395 2222 445 2301 qui
467 2219 623 2304 insignibus
648 2217 765 2297 sumptis
790 2215 958 2278 Consulem·

270 2299 419 2360 obsidione
443 2301 581 2361 liberavit.
606 2301 702 2377 Quare
731 2295 747 2358 ir
767 2298 900 2358 Minucio
922 2307 949 2358 &

270 2383 329 2458 ejus
351 2383 471 2440 exercitu
498 2377 707 2440 coroniaurel
728 2387 756 2439 δι
778 2378 951 2439 obsidionali

272 2461 392 2520 donatus
414 2459 461 2520 est.
485 2462 566 2522 Vicit
584 2459 699 2531 hostes,
724 2459 826 2519 ducem
850 2480 966 2518 eorum·

271 2544 301 2602 in
315 2541 487 2602 deditionem
501 2545 625 2622 accepit,
639 2552 667 2603 δι
680 2539 814 2621 triumphi
827 2539 872 2599 die
886 2559 951 2599 anre
1058 2609 1059 2612 Ἴ

271 2643 383 2682 currum
400 2625 467 2704 egit.
484 2623 692 2684 Sexto-decimo
705 2623 750 2682 die
763 2622 951 2694 didacum,

268 2723 359 2783 quam
377 2723 545 2782 acceperat,
565 2703 713 2784 deposuit,
730 2713 757 2764 ει
775 2702 812 2763 ad
831 2703 954 2786 agricul-

271 2801 364 2844 turam
378 2783 501 2844 reversus
517 2783 564 2844 est.
580 2784 684 2845 ltertim
703 2783 764 2866 post
778 2788 807 2844 vi
829 2786 882 2843 inti
895 2805 953 2842 an-.

269 2885 321 2928 uos
347 2865 479 2929 Dictator
510 2865 600 2928 dietus
622 2912 634 2940 ,
659 2866 789 2949 Spurium
854 2865 953 2926 oelium
