2060 3662
204 291 250 370 64
372 280 684 354 Euanortt

203 404 258 462 uni
273 399 366 462 hieme
382 411 409 462 Β(
420 401 540 464 aestateb
558 399 676 462 Lucullo
695 419 807 464 centurn
824 399 889 486 fetb

204 484 295 543 millia
316 483 359 542 Re
381 485 404 542 is
423 485 544 543 extinsia
560 482 631 543 sunt.

242 563 328 624 VII.
353 505 438 624 »Intro
467 565 542 624 urbis
565 565 665 623 Romae
695 580 886 626 ocixxv'm.

203 644 406 705 Macedoniam
426 647 600 725 provinciam
620 645 664 706 M.
682 645 807 705 Licinius
824 647 889 704 Lu-
976 649 978 651 ’

203 726 291 785 cullus
311 747 376 785 acce
397 728 444 796 it,
471 725 653 786 consobrinus
677 727 810 796 Luculli,
833 729 887 806 qui

201 826 299 865 contra
314 747 512 866 Mitltidatem
532 807 639 866 bellum
658 808 780 888 gerebat.
796 805 834 866 Et
852 808 886 867 in

204 887 288 946 ltaliai
299 907 406 946 novum
418 887 522 947 bellum
535 885 629 946 subitb
644 904 821 946 commotum
835 884 885 946 est.

203 968 393 1050 Septuagenta
407 970 483 1028 enim
498 988 618 1050 quatuor
631 967 818 1050 gladiatores,
834 967 886 1027 du-

203 1049 283 1108 cibus
292 1049 425 1129 Spartaco
433 1095 442 1120 ,
449 1050 563 1129 Gryno,
572 1059 598 1110 δι
607 1049 760 1110 Oenomao
768 1095 776 1120 ,
785 1045 887 1108 effrac-
898 1089 901 1093 -

203 1149 233 1190 to
245 1129 352 1210 Capua
370 1130 459 1200 ludo,
479 1127 535 1190 effu
558 1150 655 1190 erunt:
669 1139 755 1210 &pet
771 1129 886 1190 Italiam

203 1229 356 1308 vagantes,
375 1209 446 1290 pene
466 1234 524 1270 non
537 1151 629 1272 levius
653 1207 760 1270 bellum
783 1214 813 1270 ln
832 1209 885 1282 el,

205 1313 292 1372 quarn
303 1291 451 1351 Hannibal
463 1311 605 1362 moverat,
617 1309 782 1372 paraverunt
796 1315 803 1349 ε
817 1301 887 1352 naui

205 1373 303 1432 multis
320 1371 460 1444 ducibus,
483 1373 640 1434 &duobus
663 1373 748 1432 simul
770 1373 884 1432 Roman

205 1473 309 1512 norum
336 1451 509 1513 Consulibus
531 1455 634 1524 viciis,
658 1451 804 1538 sexaginta
828 1451 886 1512 fere
920 1465 922 1468 ’

206 1534 330 1592 millium
353 1553 524 1594 armatorum
549 1537 701 1592 exercitum
724 1554 827 1616 congre
850 1558 885 1594 a·

205 1633 305 1674 verunt
327 1637 334 1672 z
353 1617 477 1698 visbique
493 1613 600 1683 suntin
614 1614 718 1693 Apulis
738 1612 754 1674 ‘a
771 1615 815 1676 M.
829 1556 889 1674 In-

206 1697 284 1755 cinio
308 1689 409 1757 Crasso
436 1693 619 1776 proconsule,
646 1704 672 1754 ἃ
697 1693 758 1775 post
786 1697 889 1756 multas
930 1721 938 1736 ·
1012 1719 1013 1732 ’

207 1777 382 1836 calamitates
396 1777 505 1849 Italiae,
524 1778 606 1836 tertio
628 1797 721 1846 antro,
736 1775 812 1837 bello
825 1775 889 1836 huic
1013 1830 1014 1849 ἱ

206 1855 276 1915 ¹sinis
295 1859 451 1938 impositus.

248 1937 333 1996 VIII.
357 1938 564 1998 sexcentesimo
584 1939 650 2000 osio
673 1941 762 2000 esimo
793 1941 886 2021 ptimo

209 2018 297 2080 Urbis
320 2018 440 2078 conditae
455 2041 562 2094 nanno,
586 2020 618 2082 P.
648 1959 785 2082 {omerio
809 2019 888 2082 Len-

210 2099 270 2158 tulo
293 2108 320 2160 &
345 2100 403 2161 Cn.
426 2098 543 2160 Aufidio
571 2099 668 2160 Oreste
693 2099 890 2174 Consulibus,

211 2180 269 2240 duo
290 2183 399 2242 tanttim
421 2185 518 2266 gravia
537 2183 611 2242 bella
631 2184 660 2241 in
682 2181 805 2262 Imperio
826 2183 890 2242 llo-

211 2281 419 2332 mano-erant,
442 2261 671 2322 MithrIdaticum
698 2272 725 2323 Sc
748 2263 891 2323 Macedo·

211 2343 316 2400 nicum.
333 2341 401 2401 Haec
421 2341 477 2400 duo
491 2344 603 2402 Luculli
621 2342 746 2427 agebant
755 2390 763 2414 ,
782 2345 816 2404 L.
834 2347 893 2405 Lu·

211 2422 322 2492 cullus,
343 2431 371 2482 &
389 2423 433 2482 M.
456 2423 596 2484 Lucullus.
619 2427 720 2484 Lucius
740 2445 807 2508 ergo
830 2427 891 2485 Lu-

212 2502 300 2562 cullus
319 2501 380 2580 post
399 2521 524 2585 pugnam
546 2505 743 2586 Cyzicenam,
765 2507 822 2586 quai
845 2509 892 2566 vi-

214 2601 289 2642 cerat
306 2581 506 2646 Mithridatem
516 2610 526 2658 3
538 2595 565 2646 δι
577 2587 706 2646 navalem
718 2632 727 2656 ,
742 2587 798 2668 quit
812 2587 893 2648 duces

214 2667 271 2738 ejus
297 2663 486 2743 oppresserat,
512 2665 668 2748 persecutus
691 2665 729 2726 est
750 2689 814 2726 eum
838 2692 844 2724 :
868 2677 894 2728 δε

213 2741 323 2824 recepti
339 2743 537 2830 Paphlagonia
549 2767 631 2828 atque
644 2746 794 2828 Bithynii,
810 2749 895 2808 etiam

214 2833 340 2908 regnum
354 2831 412 2907 ejus
432 2831 543 2890 invasit.
563 2830 688 2912 Sinopen
705 2839 731 2892 δι
752 2827 894 2906 Amison,
