2060 3662
235 303 278 383 56
401 293 713 362 Eurnorrr

234 434 294 473 tum
316 410 414 472 absens
435 411 536 493 quintb
556 410 667 473 Consul
687 409 726 470 est
747 410 849 472 fellus.

275 494 313 554 11.
336 493 444 554 Interea
469 493 633 554 Cimbri&
651 492 814 564 Teutones,
838 513 920 574 quo-

234 597 297 634 rum
319 576 401 656 copia
415 570 507 636 adhuc
521 572 633 634 infinita
647 593 724 645 erat,
743 574 781 634 ad
796 573 922 644 ltaliam,

234 655 412 715 transierunt.
424 655 528 714 Iterum
540 653 556 715 *a
570 655 646 716 Caio
655 655 752 736 Mario
764 656 918 734 &Quinto

236 735 344 797 Catulo
366 755 463 796 contra
488 757 535 795 eos
557 737 723 796 dimicatum
745 733 783 794 est
804 759 810 793 :
831 733 920 796 sedi

237 818 336 878 Catuli
369 837 445 898 parte
470 816 586 877 feliciris.
621 817 698 876 Nam
732 837 766 875 eo
795 818 895 896 proelio
909 863 922 889 ‚

239 897 318 980 quod
340 899 425 958 simul
448 897 535 960 ambo
559 895 720 981 gesserunt,
746 917 859 964 centurn
886 908 922 966 ,δε

259 978 425 1064 uadraginta
451 980 540 1040 millia
566 997 613 1040 aut
638 981 667 1040 in
685 977 801 1060 pugnis,
823 997 871 1039 aut
888 981 922 1038 in

238 1002 310 1145 iugis
328 1058 397 1121 eaesa
416 1059 498 1132 sunt,
516 1055 702 1142 &sexaginta
719 1061 810 1120 millia
828 1079 920 1140 capta.

239 1143 367 1202 Romani
390 1143 493 1202 milites
514 1163 548 1200 ex
569 1161 686 1222 utroque
713 1142 834 1205 exercitu
858 1160 918 1200 tre-

208 1271 212 1280 .
242 1225 317 1284 tenti
339 1225 484 1302 perierunt.
509 1220 578 1282 Tria
601 1232 628 1282 δι
653 1224 769 1304 triginta
794 1221 923 1284 Cimbris

242 1307 322 1386 signa
337 1301 445 1364 sublata
462 1303 525 1364 sunt
545 1324 600 1364 :ex
617 1301 661 1362 his
682 1306 815 1364 exercitus
831 1305 924 1364 Marii

244 1385 301 1444 duo
319 1387 490 1464 reportavit,
504 1385 602 1446 Catuli
613 1386 747 1446 exercitus
762 1387 880 1466 triginta
891 1394 922 1444 δι

244 1487 341 1526 unum.
360 1465 387 1526 Is
400 1465 467 1526 belli
481 1463 544 1527 finis
558 1463 613 1526 fuit
628 1463 801 1548 :triumphus
811 1467 922 1547 utrique

244 1545 368 1608 decretus
386 1545 433 1608 est.

285 1627 338 1688 III.
365 1630 450 1688 Sexto
473 1629 549 1690 lulio
571 1626 682 1690 Caesars
701 1637 727 1690 &
747 1629 793 1688 Lo
808 1628 922 1687 Marcio

245 1707 378 1790 Philippo
389 1709 561 1772 Consulibus
572 1731 679 1770 nctrx.
695 1731 772 1770 anno
790 1709 827 1768 ab
843 1709 923 1770 Urbe

246 1789 379 1862 conditi,
401 1789 465 1852 crim
484 1792 569 1872 propb
584 1793 638 1852 alia
657 1793 755 1850 omnia
771 1790 846 1849 bella
864 1787 923 1855 ces7

245 1868 354 1944 sarent,
378 1874 408 1930 in
431 1871 515 1932 Italia
533 1874 728 1954 gravissimum
749 1871 856 1933 bellum
875 1871 924 1930 Pi·

247 1972 360 2023 centes,
374 1953 484 2024 Marsi,
498 1953 663 2036 Pelignique
673 1972 821 2029 moverunt
837 1954 906 2032 :qui
914 1995 924 2023 ,

246 2031 312 2092 crim
330 2036 411 2094 annis
424 2037 579 2095 numerosis
591 2040 649 2114 jam
667 2034 776 2113 Populo
789 2033 925 2100 Romano

248 2113 421 2188 obedirent,
456 2134 516 2174 tum
544 2115 701 2176 libertatem
731 2116 785 2174 sibi
813 2135 925 2194 aequnm

247 2192 361 2256 affecere
387 2215 535 2278 coeperunt.
554 2194 745 2256 Perniciosum
769 2194 927 2254 admodum

250 2274 306 2334 hoc
320 2279 425 2338 bellurn
438 2278 507 2344 fuit„
523 2279 554 2338 P.
576 2278 695 2337 Rutilius
716 2274 828 2338 Consul
844 2277 874 2336 in
891 2297 926 2335 eo

249 2355 357 2416 occisus
381 2357 446 2416 est:
474 2358 574 2436 Caepio
603 2359 708 2418 nobilis
737 2359 866 2438 juvenis,
900 2367 928 2418 &

249 2437 359 2498 Portius
379 2439 474 2507 Cato,
490 2439 559 2496 alius
581 2437 700 2498 Consul.
719 2438 813 2498 Duces
832 2457 929 2498 aurern

250 2516 381 2596 adversus
410 2519 556 2583 Romanos
580 2518 739 2580 Picentibus
766 2529 792 2580 &
823 2520 931 2580 Marsis

252 2598 384 2668 fuerunt,
406 2599 488 2660 Titus
510 2601 632 2672 Verius,
653 2601 766 2672 Hierius
781 2602 905 2672 ‚Asinius
920 2645 931 2670 ,

252 2679 335 2740 Titus
345 2679 522 2752 Herennius,
537 2681 625 2740 Aulus
640 2679 797 2742 Cluentius.
814 2682 843 2740 A
863 2681 930 2740 Ro-

252 2763 345 2821 manis
362 2762 433 2822 bene
451 2784 548 2822 contra
568 2783 616 2824 eos
633 2781 789 2843 pugnatum
804 2761 843 2820 est
859 2760 876 2820 ‘s
892 2761 931 2829 C.

252 2842 366 2918 Murio,
381 2846 430 2926 qui
445 2843 531 2908 sexies
548 2841 659 2906 Consul
672 2841 762 2908 fueret
770 2890 781 2921 ‚
796 2851 825 2904 δι
842 2841 931 2914 scu,
