2060 3662
226 271 271 332 60
395 263 708 332 E'UTRoett

185 421 191 442 t
227 384 334 442 banum
359 381 526 454 dimicavit,
548 405 608 442 non
632 382 719 462 longe
741 378 758 440 'a
783 379 910 461 Capud;

227 461 288 524 nim
306 462 409 543 septem
430 465 521 524 millia
537 469 594 542 ejus
611 463 731 532 cecidit,
751 459 797 522 sex
815 466 911 524 millia

226 547 301 626 cepit
326 565 462 604 :centum
483 555 510 606 δι
531 546 634 628 viginti
653 564 774 626 quantor
792 543 911 604 suorum

227 628 331 688 amisit.
352 625 421 686 Inde
444 629 529 686 etiam
553 625 589 686 ad
610 625 772 705 Scipionem
791 623 819 686 se
840 647 913 686 con-

227 708 331 778 vertit,
353 717 380 782 bt
395 725 460 766 ante
477 709 600 788 praeliutn
617 725 709 766 totum
728 711 786 785 ejus
807 709 913 766 exerci-

229 807 289 848 tum
299 789 357 847 sine
369 785 504 928 sanpuine
513 791 542 847 in
553 787 725 848 deditionem
739 791 855 868 accepit.

269 868 353 929 VIII.
374 869 419 930 Se*
447 869 510 928 ctim
532 869 631 928 Romae
646 869 746 928 mutati
766 867 910 944 Consules

229 947 334 1020 essent,
356 959 383 1010 δι
402 950 528 1021 Marius,
546 951 634 1011 Marii
654 948 728 1010 filius
739 995 749 1022 ,
773 971 806 1024 ac
822 949 909 1030 Papi-

203 1035 205 1042 ’
228 1035 284 1094 rius
301 1031 399 1094 Carbo
420 1029 609 1108 Consulatum
628 1027 812 1111 accepissent,
829 1032 909 1112 Sylla

227 1134 327 1192 contra
342 1115 468 1174 Marium
484 1117 622 1191 juniorem
642 1112 789 1172 dimicavit
794 1121 844 1188 3&
863 1116 910 1172 vi-

215 1197 304 1277 'ginti
324 1195 449 1254 millibus
470 1199 527 1274 ejus
544 1196 664 1266 occisis,
687 1192 909 1276 quadringentos

230 1275 266 1336 de
287 1273 341 1336 suis
359 1275 486 1354 perdidit.
507 1275 581 1336 Mox
598 1277 683 1335 etiam
700 1285 727 1336 δι
740 1275 851 1336 Urbem
866 1277 910 1334 in·

230 1353 332 1440 gressus
359 1355 405 1417 est.
433 1357 575 1428 Marium,
595 1358 684 1416 Marii
705 1355 816 1427 filium,
836 1357 912 1416 Prte-

230 1437 306 1498 neste
332 1437 505 1517 persecutus,
527 1436 657 1512 obsedit,
681 1447 708 1498 δι
729 1437 766 1498 ad
787 1457 909 1496 mortem

231 1521 376 1601 compulit.
388 1517 492 1580 Rursus
504 1541 629 1601 pugnam
644 1519 840 1602 gravissimam
856 1515 911 1578 ha·

231 1601 293 1660 buit
322 1620 418 1660 contra
447 1601 638 1680 Lamponium
665 1609 693 1662 δι
715 1599 908 1676 Catinatem,

230 1682 314 1742 duces
332 1684 416 1761 partis
437 1683 594 1752 Marianae,
615 1679 784 1761 adportant
809 1679 907 1742 Colli·
962 1677 965 1688 '

231 1785 309 1824 nam.
338 1764 521 1845 Septuaginta
551 1764 640 1822 millia
668 1757 790 1822 hostium
818 1763 848 1820 in
872 1782 907 1834 eo

230 1843 326 1924 praelio
339 1845 466 1904 eontraS
487 1845 555 1902 llam
573 1841 651 1904 fuisse
669 1843 797 1902 dicuntur
812 1865 819 1899 ε
832 1842 907 1902 duo-

232 1924 325 1982 decim
348 1925 437 1989 millia
460 1867 488 1984 se
508 1923 590 2004 Syllae
610 1923 800 1984 dediderunt:
828 1926 910 2000 ceteri

233 2007 262 2064 itt
280 2007 356 2076 acie,
373 2007 404 2064 in'
422 2003 532 2076 castris,
548 2007 577 2064 in
598 2005 684 2087 fugd,
703 2003 855 2066 insatiabili
870 2007 909 2066 ire

232 2089 345 2146 victoris
357 2084 515 2166 consumpti
525 2084 596 2144 sunt.
606 2087 662 2148 Cn.
673 2107 786 2166 quoqpe
795 2085 909 2158 Carbo,

233 2167 345 2230 Consul
362 2169 447 2240 alter,
462 2169 498 2228 ab
516 2169 648 2228 Arimino
665 2167 703 2226 acl
717 2167 851 2242 Siciliam,
865 2166 910 2240 fu-

233 2252 293 2332 git,
313 2249 400 2328 &ibi
418 2270 465 2329 pet
486 2247 543 2308 Cn.
563 2247 731 2328 Pompeium
751 2247 910 2323 interfectus

233 2327 272 2388 est
285 2353 292 2386 ε
307 2350 392 2410 quem
406 2327 613 2390 adolescentem
628 2329 705 2410 Sylla
716 2325 808 2428 (atipue
821 2351 910 2404 annot

234 2432 320 2470 unum
339 2421 366 2472 δι
387 2412 491 2492 viginti
513 2431 638 2482 natum,
660 2413 775 2494 cognita
793 2414 850 2488 ejus
870 2414 910 2470 in·

233 2490 354 2562 dustrid,
377 2491 484 2552 traditis
506 2492 671 2570 exercitibus
688 2490 862 2573 praefecerat,
881 2510 911 2561 ut

232 2571 369 2634 secundus
389 2569 406 2632 lt
425 2573 503 2654 Sylla
526 2571 680 2634 baberetur.

274 2653 327 2713 IX.
346 2653 452 2716 Occiso
469 2676 536 2736 ergo
548 2653 683 2716 Carbone
700 2655 849 2734 Pompeius
860 2654 910 2714 Si-

234 2737 329 2796 ciliam
349 2739 460 2816 recepit.
479 2733 675 2818 Transgressus
694 2737 760 2797 inde
783 2734 818 2794 ad
836 2733 913 2794 Afri·

234 2817 513 2898 cam„Dotnitiutn,
532 2819 670 2880 Mariana
691 2818 776 2899 patris
792 2815 911 2889 ducem,
