2060 3662
208 306 257 374 40
390 284 707 370 EUTROPJI

208 404 310 466 ducem
334 402 506 466 Hannibalis
529 403 735 467 Carthalonem
757 401 897 478 occidit,

144 533 149 539 .
207 487 311 568 viginti
330 488 454 568 quinque
474 487 565 546 millia
586 489 760 566 captivorum
779 488 886 548 vendi·

208 565 275 638 dit,
318 566 422 628 radam
441 567 578 628 militibus
597 566 777 649 dispertivit,
796 589 886 648 pecu-

207 644 287 709 niam
299 589 455 708 liominum
472 647 651 709 venditorum
665 647 701 708 ad
719 637 819 708 fiscum
838 670 886 718 re-

208 729 280 790 tulit.
303 724 381 789 Trim
404 729 497 789 multe
519 731 644 790 civitates
667 729 889 802 Romanorum,

208 832 271 952 puae
286 809 323 870 ad
337 805 530 872 Hannibalem
546 812 735 880 transierant,
752 807 841 872 rursus
860 810 889 870 se

234 891 300 952 abio
314 889 446 952 Maximo
466 889 639 952 dediderunt.
659 889 824 974 Insequenti
840 915 890 952 an·

207 995 249 1046 no
271 971 366 1054 Scipio
393 975 423 1034 in
438 968 577 1054 Hispaniis
600 975 726 1056 egregias
745 994 787 1032 tes
809 975 889 1066 egit,

211 1063 239 1116 δι
262 1051 380 1134 perse,
406 1064 433 1117 δι
458 1076 505 1136 per
526 1052 640 1115 fratrem
663 1053 746 1114 suum
768 1054 890 1114 Lucrum

137 1170 140 1175 ·
210 1137 259 1198 Sci
279 1137 400 1208 ionem,
426 1133 520 1216 septua
542 1137 601 1196 inta
628 1137 753 1196 civitates
777 1137 891 1215 recepit.

209 1211 245 1276 In
259 1158 343 1278 ltalid
359 1235 455 1277 tamen
475 1157 549 1276 mali
569 1238 606 1296 pu
628 1237 724 1278 natum
746 1214 794 1278 est.
811 1217 892 1276 Nam

211 1295 351 1358 Claudius
367 1297 518 1358 Marcellus
537 1237 648 1360 consul
670 1298 707 1358 ab
727 1297 893 1374 Hannibale

212 1376 320 1439 occisus
340 1377 386 1439 est.
411 1395 416 1408 ·

252 1457 365 1520 XVII.
394 1455 493 1520 Tertio
518 1482 594 1520 anno
619 1455 767 1542 postquam
794 1459 892 1541 Scipio

160 1545 163 1550 '
212 1537 249 1602 ad
263 1539 433 1624 Hispaniam
448 1541 587 1622 profeslus
605 1541 666 1616 est,
684 1540 775 1602 rursus
793 1563 835 1602 res
851 1543 895 1603 in-

212 1623 301 1704 clytas
319 1625 389 1708 gerit
404 1648 411 1682 :
426 1645 520 1706 regem
537 1617 762 1702 Hispaniarum,
784 1645 894 1708 magno

210 1701 312 1788 proelio
334 1705 463 1776 vidium,
483 1707 514 1764 in
533 1705 689 1764 amicitiam
716 1707 844 1784 accepit,
865 1713 894 1765 δι

212 1787 318 1868 primus
339 1789 469 1846 omnium
491 1784 603 1860 ἒινίἒῑοΙ
622 1785 733 1846 obsides
754 1807 813 1845 non
835 1808 892 1868 po-

212 1865 312 1948 poscit.

209 2011 215 2022 ,
253 1946 387 2007 XVIII.
409 1941 567 2028 Desperans
579 1944 729 2008 Hannibal
741 1945 896 2027 Hispaniae

212 2023 311 2090 consta
331 2027 494 2108 Scipionem
514 2023 616 2088 ducem·
633 2027 735 2088 diutiris
753 2026 828 2109 polle
847 2047 894 2088 te·

177 2147 178 2150 =
213 2131 300 2182 nere,
323 2109 438 2170 fratrem
457 2107 537 2170 suum
554 2107 762 2188 Hasdrubalem
781 2110 817 2170 ad
836 2109 896 2170 Ita-

213 2187 282 2250 liam
300 2213 363 2252 cum
379 2191 512 2252 omnibus
531 2193 618 2272 copiis
636 2193 773 2250 evocavit.
795 2187 894 2252 lsve-

148 2331 152 2340 ‚
212 2275 293 2333 niens
311 2275 411 2332 eodem
426 2271 547 2344 itinere,
567 2294 625 2352 quo
645 2274 731 2331 etiam
748 2271 896 2332 Hannibal

213 2373 368 2425 venerat,
391 2352 408 2412 ὲ
438 2349 612 2413 Consulibus
635 2353 736 2436 ¹Appio
769 2351 894 2414 Claudio

215 2433 354 2504 Nerone,
374 2433 513 2512 &Marco
525 2431 610 2492 Livio
622 2433 778 2494 Salinatore
790 2481 801 2504 ,
821 2434 895 2514 apud

215 2515 337 2588 Senam,
352 2515 449 2574 Piceni
463 2515 627 2584 civitatem,
644 2517 673 2574 in
691 2515 804 2576 insidias
819 2537 896 2574 conr·

214 2598 320 2676 positas
348 2595 447 2656 incidit
475 2619 481 2652 ε
513 2593 620 2654 strenul
649 2606 744 2656 tamen
768 2617 896 2680 pugnans

215 2675 323 2750 occisus
343 2671 404 2749 est,
428 2678 554 2760 ingentes
569 2682 626 2756 ejus
644 2679 731 2756 copiae
748 2697 833 2758 captat
848 2695 897 2737 aut

217 2757 367 2817 intersedae
384 2755 471 2828 sunt3
494 2779 630 2841 magnum
649 2757 758 2838 pondus
774 2761 833 2820 auri
852 2777 896 2818 at-

202 2860 274 2926 ¹que
289 2839 398 2924 argenti
415 2837 541 2900 Romam
553 2837 677 2921 relatum
693 2835 739 2900 est.
757 2837 823 2920 Post
837 2835 897 2920 liaeo
