2142 3664
242 303 299 354 ua
318 285 437 354 ths
453 301 742 356 transmersus
772 309 840 375 207

163 403 286 468 Consuli
306 405 414 488 legatus
437 406 467 464 in
487 405 586 466 Asiam
610 404 772 486 profedlus,
794 428 843 487 pet

163 489 336 554 simultatem
364 482 511 557 dimillus,
536 505 664 565 corrupto
692 489 840 558 exercitu,

164 567 265 629 ducem
283 564 504 626 interficiendum
522 568 636 627 cutavit.
655 565 717 647 lpse
735 588 841 647 correp-

164 651 199 709 tis
216 649 328 726 imperii
345 647 524 729 insignibus,
542 649 716 727 provinciam
733 647 841 730 ingres-

164 727 208 790 sus
219 775 231 799 ,
244 726 442 788 Mithridatem
453 728 593 810 Pergamo
609 729 721 808 expulit.
736 729 839 800 Ilium,

166 810 216 870 ubi
234 806 338 869 tarditls
358 827 450 888 portes
461 826 627 889 patuerunt,
648 807 760 868 incendi
777 814 839 888 jus·

166 891 224 961 sir,
247 891 296 949 ubi
310 889 446 949 Minervae
459 889 595 968 templum
609 889 777 948 inviolatum
790 889 842 949 lle·¹

159 973 220 1042 tit,
239 970 316 1053 quod
333 969 429 1030 divina
444 967 585 1049 majestate
602 967 740 1029 servatum
753 991 841 1030 nemo

166 1051 313 1112 dubitavit.
332 1051 443 1110 Ibidem
459 1050 585 1112 Fimbria
605 1051 712 1109 militiae
731 1052 839 1130 princi-

166 1153 213 1212 pes
230 1129 316 1191 securi
332 1133 484 1212 percussit,;
504 1149 572 1190 mox
587 1127 604 1190 ὲ
618 1129 760 1190 Sulli'Per
782 1134 843 1190 ami

165 1209 308 1288 obsellus,
331 1231 460 1293 corrupto
477 1214 598 1272 exercitu
617 1209 737 1272 desertus
753 1152 841 1272 {met

165 1293 278 1352 oceidit.

206 1373 313 1434 LXXI.
333 1371 480 1434 Viriathus
494 1393 593 1456 genere
606 1373 755 1434 Lusitanus
769 1419 778 1444 ,
800 1373 840 1434 ob

165 1473 356 1536 paupertatem
381 1453 473 1534 ptimb
500 1457 707 1524 mercenarius,
739 1453 841 1514 deinde

166 1537 309 1596 alacritate
329 1539 443 1606 vector,
467 1533 583 1594 audaciis
604 1535 695 1605 latro,
716 1534 752 1594 ad
769 1533 839 1614 pos—

167 1635 287 1676 tremum
304 1616 385 1686 dux,
407 1616 514 1676 bellum
535 1615 680 1674 adverstim
694 1614 841 1674 Romanos

168 1695 301 1776 sumpsit,
315 1717 467 1776 eorumque
476 1696 678 1775 Imperatorem
688 1694 842 1756 Claudium

167 1777 370 1849 Unimanum,
390 1777 455 1837 dein
474 1775 511 1837 C.
529 1775 680 1858 Nigidium
699 1779 841 1856 oppressit.

167 1857 270 1920 Pacem
297 1855 314 1918 ὲ
333 1859 438 1939 populo
458 1857 592 1920 Romano
613 1857 713 1916 maluit
735 1875 842 1938 integer

167 1959 283 2019 petere,
305 1937 390 2020 quam
407 1942 516 2008 vidium
539 1948 567 1999 δι
586 1935 649 1996 edm
669 1938 724 1998 alia
743 1936 840 1997 dedil—
966 2002 968 2007 ,

168 2018 230 2094 set,
245 2029 272 2080 &
290 2041 368 2080 arma
382 2021 583 2090 retinerentur,
602 2019 709 2078 bellum
727 2038 843 2078 renova·
881 2071 887 2077 ,

166 2102 219 2161 vit.
239 2101 340 2180 Caepio
357 2099 421 2160 crim
438 2102 547 2160 vincere
561 2100 640 2158 aliter
657 2119 716 2158 non
731 2094 842 2179 poll'ct,

169 2180 239 2242 duos
259 2179 389 2242 satellites
402 2178 527 2322 pecunii
545 2180 689 2257 corrupit,
713 2180 762 2258 qui
781 2179 841 2236 Vi·

168 2259 290 2320 riathum
303 2259 391 2322 humo
422 2262 560 2341 epositum
573 2277 754 2338 peremerunt.
771 2259 843 2336 Quae

168 2344 311 2482 vicipria,
329 2344 398 2424 quia
412 2360 507 2422 empta
528 2359 606 2412 erat,
627 2337 764 2400 *aSenatu
783 2361 843 2400 non

166 2443 217 2504 pro
238 2443 292 2484 ata.

208 2503 349 2565 LXXII.
371 2503 486 2566 Marcus
501 2501 637 2564 AEmilius
655 2501 771 2564 Scaurus
789 2521 844 2560 no·
915 2546 918 2552 .

166 2583 257 2654 bilis,
280 2603 407 2665 paupet;
428 2605 496 2646 nam
517 2603 593 2666 patet
611 2589 692 2664 ejus,
713 2583 843 2664 quamvis

167 2666 332 2748 patricius,
364 2663 404 2724 ob
433 2686 620 2744 paupertatem
649 2665 842 2724 carbonarium

168 2746 316 2829 negotium
335 2747 463 2806 exercuit.
487 2745 549 2826 Ipse
568 2742 660 2827 primb
681 2744 842 2814 dubitavit,

168 2825 289 2890 honores
306 2845 433 2910 peteret,
456 2847 492 2890 an
510 2829 695 2912 argentariam
713 2823 841 2901 faceret,
