2142 3664
243 346 309 396 or
339 331 676 399 carantana.
728 337 792 397 261

121 464 189 505 vota
209 446 389 517 cedentibus,
409 467 487 506 more
508 443 681 516 hominum,
703 443 799 508 secun-

122 526 165 586 dis
179 525 312 598 solutior,
336 548 395 586 rem
411 527 573 587 Romanam
591 528 671 608 quasi
686 527 800 588 naufra-

122 609 172 690 gio
190 606 288 676 dedit,
310 627 374 667 cum
390 608 527 668 Salonino
544 605 625 678 filio,
647 610 690 666 cui
709 605 799 668 hono-

121 708 179 746 rem
201 686 320 748 Caesaris
343 689 521 759 contulerat,
545 685 616 747 adel>
640 690 681 746 uti
700 686 799 748 Thra-

122 769 197 827 ciam
219 766 312 828 Gothi
334 767 427 828 libere'
440 769 600 849 progressi,
625 767 800 830 Macedonas

121 845 296 929 Acbaeosque
318 856 345 908 &
367 849 440 908 Asiae
463 846 584 906 finitima
608 868 800 928 occuparent3

121 927 364 1008 Mesopotamiam
390 925 510 999 Parthi3
539 927 650 988 Orienti
678 927 800 989 latrones

123 1007 172 1068 seu
200 1010 299 1070 mulier
325 1009 543 1078 dominaretur;
574 1008 800 1068 Alamannorum

116 1091 166 1173 xvis
184 1107 250 1149 tunc
273 1111 295 1150 κ
315 1090 350 1148 ue
372 1090 484 1148 ltaliam
503 1111 512 1159 ς
534 1089 704 1148 Francorum
729 1109 800 1182 gen-

124 1188 186 1240 tes,
210 1170 317 1248 direpta
338 1168 456 1241 Gallia,
479 1167 649 1248 Hispaniam
670 1169 800 1248 posside-

125 1267 207 1320 rent,
228 1249 335 1310 vastato
352 1271 384 1310 ac
401 1251 471 1330 pene
489 1251 597 1330 direpto
607 1249 803 1310 Tarraconen·

126 1331 198 1390 sium
216 1331 343 1411 oppido,
365 1329 508 1411 nastisque
528 1331 558 1388 in
577 1349 702 1410 ternpore
721 1333 802 1390 navi-

125 1413 180 1492 giis
209 1431 270 1490 pars
298 1415 329 1470 in
356 1409 442 1492 usque
466 1409 598 1470 Africam
621 1431 800 1489 permearet,

125 1499 153 1551 &
183 1488 281 1551 amissa
310 1511 385 1550 trans
417 1489 542 1558 Istrum,
574 1511 635 1571 quae
664 1490 803 1570 Traianus

126 1573 278 1652 quaesierat.
297 1572 340 1630 Ita
353 1573 433 1650 quasi
446 1573 535 1629 ventis
548 1570 671 1649 undique
687 1569 803 1631 saevien-

125 1651 225 1721 tibus,
246 1653 337 1730 parvis
356 1652 504 1720 maxima,
527 1651 584 1708 ima
603 1647 718 1708 summis
736 1652 804 1709 orbe

127 1749 190 1789 toto
208 1729 404 1790 miscebantur.
423 1731 512 1789 Simul
534 1749 567 1787 ue
581 1728 705 1788 Romam
720 1729 804 1810 pesti-

128 1809 215 1870 lentia
230 1807 418 1892 grassabatur»,
437 1831 499 1890 quat
514 1750 586 1888 laepe
602 1811 672 1870 curis
689 1813 803 1894 gravio·

126 1891 234 1961 ribus,
264 1910 347 1971 atque
373 1891 462 1950 animi
490 1889 679 1971 desperatione
705 1893 801 1958 oritur.
878 1923 882 1930 -

126 1970 203 2032 Inter
216 1969 274 2031 lraec
288 1971 346 2052 ipse
358 1974 496 2051 popinas,
516 1969 674 2054 ganeasque
687 1973 803 2045 obiens,

126 2051 261 2112 lenonum
275 2073 308 2112 ac
324 2054 493 2112 vinariorum
513 2053 644 2111 amicitiis
660 2049 803 2126 horrebat,

127 2135 269 2212 expositus
293 2134 434 2192 Salonina
463 2133 578 2213 conjugi
602 2149 685 2211 atque
711 2135 804 2192 amori

127 2211 270 2295 flagitioso
289 2211 352 2271 filia:
372 2213 461 2271 Attali
480 2212 687 2271 Germanorum
707 2214 778 2294 regis
790 2259 803 2284 ,
861 2273 864 2279 ,

127 2293 204 2373 Pipae
217 2294 342 2352 nomine.
357 2292 423 2368 Qufi
436 2291 517 2357 caus⁶a
531 2293 616 2349 etiam
631 2291 725 2350 civiles
738 2313 805 2350 mo·

128 2392 172 2434 tus
189 2374 275 2455 longe
295 2368 443 2433 atrociores
462 2374 528 2432 orti.
551 2372 683 2452 Namque
699 2374 804 2452 primus

128 2455 258 2513 omnium
271 2452 437 2524 Postumus,
460 2453 509 2534 qui
528 2451 599 2511 sorte
615 2453 741 2511 Barbaris
755 2473 804 2533 per

129 2535 257 2594 Galliam
281 2535 470 2615 praesidebat,
499 2533 650 2613 Imperium
679 2552 804 2612 ereptum

129 2617 223 2686 ierat,
248 2614 414 2695 explosalque
439 2615 645 2677 Germanorum
672 2613 803 2673 multim-
862 2665 865 2673 s

129 2695 215 2766 dine,
234 2697 268 2755 L.
279 2695 392 2759 AEliani
407 2694 483 2752 bello
498 2696 653 2772 excipitur,
673 2713 730 2770 quo
746 2715 804 2753 non

128 2778 221 2836 minus
238 2775 356 2836 feliciter
377 2773 461 2843 fuso,
484 2771 595 2832 suorum
615 2773 735 2831 tumultu
755 2793 806 2851 pe-

128 2858 204 2930 riit,
229 2855 307 2940 quod
333 2854 524 2940 flagitantibus
552 2853 805 2954 Mopmtiacorum
