2134 3668
222 314 439 384 Euruorir
465 315 611 382 Ltur‘n
637 314 704 380 IX.
735 335 798 380 101

125 429 220 512 diens,
240 430 317 494 haud
335 433 421 516 longe
441 430 458 492 lt
475 432 615 492 Romanis
632 430 734 493 finibus
752 435 801 494 in-

124 513 251 574 terfetius
266 513 304 572 est
324 513 420 574 fraude
435 511 579 594 Philippi,
598 517 647 594 qui
658 512 719 593 post
737 534 804 574 eum

124 594 381 738 {Impersvipj'Milps
394 597 420 654 ei
433 597 587 736 ternplulumstr
585 597 724 678 vigesimo
737 595 805 735 until-

146 697 241 735 atroa
287 697 342 734 trce
365 699 383 735 o
396 720 405 747 ,
445 697 482 736 uo
518 698 550 736 ca
588 697 636 735 um
656 697 730 736 nuuc
771 698 804 734 o-

122 775 274 816 manorum
294 755 355 828 est,
376 697 514 818 Euthati
535 759 707 829 imminens,
728 757 801 817 aedi-

123 833 240 908 ficavit3
262 835 407 918 exsequias
421 778 550 898 liomam
567 839 672 899 revexit
687 861 693 896 ε
708 836 801 919 ipsum

119 914 232 978 Divum
253 919 412 998 appellavit.

163 998 217 1058 Ill.
232 996 358 1079 Philippi
371 997 448 1070 duo,
467 997 540 1060 filius
560 1019 592 1060 ac
610 1018 704 1080 pater,
723 999 802 1062 Gor-

122 1077 212 1140 diano
232 1079 350 1152 occiso,
373 1082 521 1160 imperium
541 1079 701 1141 invaserunt
724 1103 730 1140 :
751 1101 800 1144 at·

122 1181 200 1240 que,
218 1162 339 1220 exercitu
360 1163 496 1222 incolumi
519 1161 654 1232 reduuo,
677 1161 714 1222 ad
735 1162 799 1224 Ita-

122 1239 191 1300 liam
216 1242 231 1300 ὲ
250 1244 329 1322 Syria
353 1243 470 1323 profecti
491 1241 561 1303 sunt.
581 1243 637 1304 His
652 1245 798 1325 imperan-

121 1321 216 1394 tibus,
238 1325 403 1384 millesimus
423 1345 513 1384 annus
533 1324 633 1384 Romae
652 1325 727 1384 urbis
748 1327 797 1387 in-

122 1406 200 1484 genti
219 1405 350 1464 ludorum
369 1425 502 1484 apparatu
521 1403 800 1487 spe&aculommque

121 1485 274 1544 celebratus
294 1484 340 1545 est.
366 1487 463 1546 Ambo
481 1470 587 1546 lende
615 1487 652 1546 ab
678 1490 800 1548 exercitu

26 1611 29 1618 ,
121 1564 261 1626 interfesti
280 1565 344 1626 sunt
363 1589 370 1623 :
390 1565 481 1626 senior
496 1565 641 1646 Philippus
657 1568 801 1640 Veronae,

120 1643 221 1706 Romae
237 1649 342 1728 junior.
372 1647 463 1706 Annis
486 1648 610 1728 quinque
638 1650 797 1727 imperave-

120 1745 184 1788 runt
204 1750 210 1785 :
236 1729 307 1787 inter
324 1727 416 1787 Divos
434 1747 528 1787 tamen
550 1728 629 1786 relati
649 1726 722 1788 sunt.

160 1807 216 1868 IV.
241 1807 307 1867 Post
326 1807 378 1868 hos
398 1809 503 1870 Decius
522 1809 537 1868 ὲ
556 1809 703 1870 Pannonia
719 1808 796 1870 infe-

119 1889 190 1949 riore
215 1889 341 1950 Budaliae
359 1909 466 1961 natus,
494 1892 643 1971 imperium
670 1889 797 1970 sumpsit.

119 1967 228 2031 Bellum
244 1972 346 2041 civile,
362 1973 439 2052 quod
452 1973 481 2031 in
495 1971 592 2032 Galliis
610 1992 721 2033 motum
735 1973 800 2032 fue·

119 2069 182 2123 rat,
204 2054 340 2132 oppressit
360 2075 366 2110 ε
386 2051 477 2113 filium
498 2051 578 2112 suum
594 2051 736 2113 Caesarem
753 2052 798 2112 fe-

120 2131 165 2190 cit.
178 2133 280 2194 Romae
291 2135 434 2194 lavacrum
451 2131 609 2193 aedificavit.
625 2131 703 2194 Ctlm
717 2135 799 2192 bien-

119 2213 167 2270 nio
186 2212 246 2294 ipse
269 2223 296 2274 &
314 2211 392 2272 filius*
408 2209 609 2292 impertillent,
634 2231 747 2294 uterque
769 2215 800 2274 in

119 2290 267 2356 barbarico
290 2293 430 2354 interfecti
452 2292 540 2365 sunt,
566 2302 594 2355 δι
614 2295 686 2354 iuter
707 2295 801 2356 Divos

117 2373 204 2436 relati.

158 2457 197 2516 V.
216 2455 291 2516 Mox
310 2455 495 2536 Imperatores
513 2457 598 2518 creati
618 2453 702 2528 sunt,
718 2456 796 2518 Gal-

117 2533 159 2596 lus
180 2535 358 2598 Hostilianus
375 2546 403 2596 &
421 2538 500 2598 Galli
520 2535 593 2598 filius
611 2537 796 2602 Volusianus.

118 2615 176 2676 Sub
198 2616 244 2678 his
263 2617 437 2678 AEmilianus
456 2620 487 2680 in
512 2617 619 2678 Moesia
638 2641 680 2680 res
707 2641 797 2682 novas

118 2699 234 2760 molitus
251 2697 290 2758 est
313 2723 319 2756 t
341 2697 377 2758 ad
394 2719 478 2779 quem
495 2701 711 2779 opprimendum
731 2699 797 2760 cuim

117 2779 205 2838 ambo
219 2777 339 2861 profe&
351 2775 454 2851 essent,
473 2779 639 2840 Interamnae
656 2779 797 2842 interfecti

117 2857 210 2936 sunt,
247 2883 306 2924 non
345 2861 488 2943 completo
520 2861 637 3004 bieutpip
672 2886 682 2930 ¹:
724 2858 817 2930 nihil,

642 2964 673 3022 ¹¹}
