2110 3666
279 320 634 390 aetrnum
725 328 789 395 zm

109 442 153 484 tus
173 424 359 484 certaminum
378 421 680 487 [cerritanensium
718 427 796 485 raeci-

109 507 207 586 pltare.
230 504 332 586 Neque
355 505 523 586 Imperatori
541 507 620 567 bono
638 445 796 588 quiiqnant

110 584 202 646 minus
222 583 309 667 quim
330 589 518 650 temeritatem
539 609 701 672 congruere.
722 589 797 650 Satis

110 669 234 728 celeriter
252 665 337 737 fieri,
357 669 496 752 quidquid
514 669 667 731 commodi
686 690 798 753 gerere·

109 767 162 810 tur.
195 749 341 830 Armaque
371 751 427 810 nisi
461 753 579 830 majoris
611 752 798 812 emolumenti

110 829 177 911 spe,
199 851 379 912 nequaquam
400 831 543 898 movenda
564 828 637 904 effe,
661 853 696 892 ne
716 853 798 892 com·

110 911 215 993 pendio
232 913 332 983 tenui,
351 910 458 990 jabluti
480 915 580 996 gravi,
602 916 689 994 petita
709 915 800 974 vitio·

111 996 175 1064 ria,
198 994 297 1054 similis
318 997 356 1053 sit
376 991 465 1054 hamo
489 1016 574 1056 aureo
598 993 797 1074 piscantibus,

105 1071 191 1152 ‘cujus
225 1075 337 1154 abrupti
377 1077 530 1157 amissique
564 1075 764 1136 detrimentum
788 1121 799 1147 ,

113 1155 195 1216 nullo
218 1174 336 1236 captura
355 1157 434 1216 lucto
455 1157 565 1237 pensari
583 1154 682 1236 potest.
706 1157 800 1236 Hujus

114 1255 240 1317 tempore
265 1255 340 1298 trans
368 1235 502 1300 Rhenum
525 1235 647 1298 vallatus
671 1236 711 1298 est
732 1239 798 1298 Ro-

115 1321 393 1391 manutenemus,
416 1340 501 1402 atque
522 1319 647 1380 Tribuni
672 1328 699 1380 8(
723 1319 798 1380 Pro-

134 1419 223 1460 raetot.
246 1400 335 1478 Quod
358 1403 387 1460 in
406 1420 516 1462 tantum
539 1397 666 1463 accidisse
692 1401 798 1481 perdo·

114 1421 188 1556 luit,
217 1501 248 1541 ut
275 1481 379 1542 cerebri
406 1482 503 1542 valido
527 1480 638 1544 incursu
665 1485 801 1559 parietem

115 1561 259 1644 pulsaret,
278 1560 352 1624 veste
378 1563 537 1642 capilloque
559 1583 592 1622 ac
616 1560 732 1642 reliquis
747 1564 799 1623 lu-

116 1646 247 1726 gentium
268 1641 379 1702 indiciis
398 1641 544 1702 deformis.
565 1642 709 1702 Avunculi
727 1664 803 1723 quo-

118 1744 174 1806 que
194 1726 340 1782 inventum
362 1719 541 1782 vehementer
560 1723 696 1806 arguebat
714 1755 724 1794 3
752 1725 805 1806 qui

101 1805 224 1866 milites
234 1803 443 1865 commilitones
455 1826 531 1865 novo
545 1802 707 1886 blandoque
720 1825 803 1866 more

118 1886 283 1967 appellans,
301 1885 370 1946 dum
388 1883 500 1948 offellas
521 1888 612 1946 carior
631 1884 716 1957 fieri,
734 1908 802 1947 auc-

119 1969 263 2028 toritatem
291 1969 423 2049 principis
456 1968 641 2046 emolliverat.
669 1967 806 2050 Denique

59 2075 63 2084 ·
118 2069 187 2132 erga
210 2050 283 2110 cives
306 2049 523 2111 clementissime
545 2046 668 2109 versatus
691 2047 739 2109 est.
767 2050 804 2110 Iu

119 2132 230 2192 amicos
262 2127 334 2189 fidus
364 2128 475 2190 exstitit.
506 2129 639 2205 Quorum
672 2131 809 2211 praecipuit

120 2233 201 2286 erant
217 2211 257 2270 ob
273 2211 494 2272 taciturnitatem
515 2210 676 2280 Maecenas,
698 2210 737 2270 ob
756 2232 806 2291 pa-

121 2295 252 2354 tientiam
268 2291 396 2363 laboris,
418 2287 644 2372 modelbamque
662 2291 806 2374 Agrippa.-

121 2372 274 2460 Diligebat
290 2369 418 2454 ptaetttei
437 2372 607 2467 Virgilium.
625 2371 718 2432 Rarus
736 2376 809 2453 quir·

122 2456 189 2518 clem
207 2453 244 2516 ad
263 2453 436 2535 recipiendas
455 2455 616 2524 amicitias,
632 2453 673 2514 ad'
687 2455 809 2516 retinen·

123 2537 174 2608 iles
200 2534 448 2600 conlbntissinus.
475 2534 658 2597 Liberalibus
684 2533 809 2607 studiis,

144 2616 277 2678 raesettim
299 2618 488 2698 eloquentie,
507 2619 668 2678 intantum
691 2617 808 2678 incum-

123 2638 214 2771 bens,
234 2719 264 2759 ut
277 2699 390 2768 nullus,
410 2718 446 2758 ne
464 2698 494 2758 in
507 2699 653 2778 procinctu
671 2699 809 2778 quidem,

124 2781 264 2842 laberetur
289 2779 370 2850 dies,
395 2782 468 2860 quin
496 2778 619 2860 legeret,
651 2776 809 2850 scriberet,

126 2861 303 2934 declamaret.
323 2861 413 2944 Leges
431 2859 501 2924 alias
520 2861 720 3001 novasNalias
741 2882 808 2921 cot-

666 2961 686 3021 ¹l
