2134 3668
242 279 397 348 -Oreroo
422 277 583 344 Genius
598 233 707 344 Rom.
763 297 825 364 ¹53

147 399 274 478 porredia
296 393 357 467 est,
385 395 541 478 Longam,
569 415 603 453 ex
625 395 718 453 colore
746 391 828 464 suis,

146 478 254 538 Aibam
270 478 495 560 cognominavit.
513 473 645 556 Cumque
658 475 725 534 illuc
741 476 829 534 simu-

146 559 222 619 lacra
236 559 364 619 Deorum
381 557 528 616 Penatium
547 553 742 626 transtulisset,
774 554 826 614 os·

146 639 230 698 tridie
258 638 333 719 apud
351 638 503 698 Lavinium
532 656 723 717 apparuerunt.
753 577 828 696 iiur-

146 717 248 802 susque
266 721 352 779 relata
373 717 501 788 Albam,
524 716 712 798 appositisque
730 715 826 777 custo-

147 800 253 872 dibus,
277 798 372 860 nescio
401 800 539 880 quantu,
562 795 590 856 se
620 799 772 858 Lavinium
796 801 828 861 in

84 900 87 905 ·
167 879 292 942 ristinam
326 879 420 940 sedem
459 879 614 938 identidem
651 899 823 959 receperunt.

145 901 191 1022 Ita
213 983 247 1021 ue
264 959 348 1022 tertib
366 981 452 1020 nemo
466 957 546 1020 ausus
566 957 605 1018 est
622 957 752 1020 amovere
771 981 828 1032 ea,

147 1059 179 1101 ut
192 983 331 1120 icriptum
353 1039 439 1100 estin
459 1042 565 1101 Annali
584 1039 754 1100 Pontificum
775 1041 825 1102 lib.

149 1141 202 1182 tv.
224 1123 359 1182 Cincii&
379 1119 498 1184 Caesaris
521 1143 546 1182 2.
561 1121 722 1182 Tuberonis
746 1141 770 1182 1.
787 1122 828 1182 At

147 1201 286 1264 Ascanius
306 1201 453 1284 postquam
474 1199 626 1264 excessisset
647 1203 663 1260 ὲ
682 1200 760 1274 viti,
776 1205 825 1262 in·

148 1301 190 1342 ter
210 1282 304 1344 Iulum
323 1283 413 1343 filium
433 1290 513 1364 ejus,
536 1293 563 1344 &
584 1285 704 1344 Silvium
727 1282 827 1343 Postu-

149 1385 253 1435 mum,
280 1368 328 1446 qui
351 1385 385 1424 ex
409 1363 529 1424 Lavinii
555 1367 665 1448 genitus
686 1384 767 1436 erat,
791 1365 826 1424 de

147 1445 306 1504 obtinendo
320 1446 438 1525 imperio
451 1465 513 1504 orta
528 1448 671 1522 contentio
684 1445 745 1517 est,
762 1445 827 1506 crim

148 1525 319 1586 dubitaretur
337 1549 374 1586 an
385 1523 486 1586 AEneae
499 1523 571 1584 fliius
582 1572 594 1595 ,
616 1549 652 1585 an
669 1547 755 1606 nepos
774 1548 827 1608 po-

148 1607 205 1665 tior
225 1603 298 1665 effer.
323 1603 461 1664 Permissa
483 1603 683 1684 disceptatione
707 1611 764 1684 ejus
787 1612 827 1668 rei

147 1687 186 1746 ab
200 1687 335 1745 universis
343 1685 404 1744 Rex
416 1685 518 1745 Silvius
532 1685 684 1746 declaratus
698 1685 828 1766 est.Ejus·

148 1766 215 1826 dem
244 1764 344 1846 posteri
370 1785 469 1826 omnes
496 1785 689 1850 cognomento
713 1768 827 1842 silvii,

148 1845 236 1928 usque
252 1847 288 1907 ad
307 1847 450 1908 conditam
464 1845 614 1919 Romam,
631 1848 713 1908 Albae
729 1869 828 1932 regna-

143 1946 271 1999 verunt,
295 1945 326 1988 ut
347 1927 386 1988 est
408 1927 539 2008 scriptum
558 1929 713 1990 Annalium
732 1934 828 2010 ponti·

148 2006 273 2068 ficaIIum
296 2009 346 2069 lib.
370 2029 423 2068 ιν.
452 2009 542 2092 Igitur
564 2029 698 2092 regnante
722 2011 827 2072 Latino

148 2089 238 2150 Silvio
264 2089 382 2150 colonia
409 2089 534 2150 deduciae
564 2089 628 2150 sunt
658 2089 791 2150 Praeneste
814 2137 827 2164 ,

147 2169 261 2240 Tibur,
282 2169 390 2240 Gabii,
408 2168 583 2241 Tusculum,
603 2169 704 2242 Cora,
723 2170 828 2230 Pome-

148 2253 211 2322 tia,
232 2251 338 2322 Locri,
359 2249 551 2311 Crustumium
565 2296 577 2320 ,
596 2249 750 2330 Camena,
770 2252 829 2312 Bo·

148 2331 245 2402 villae,
264 2349 362 2391 caetera
384 2352 418 2391 ue
435 2330 540 2411 oppida
560 2331 785 2413 circumquaque.

191 2411 312 2472 XVIII.
330 2353 396 2472 Pdit
408 2433 472 2472 eum
485 2415 614 2496 regnavit
626 2413 756 2474 Tiberius
770 2414 828 2475 Sil-

148 2493 232 2563 vius,
251 2492 332 2552 silvii
349 2491 429 2554 filius.
449 2491 591 2570 Quicum
610 2493 738 2556 adventis
756 2493 825 2568 fini-

149 2575 236 2633 timos
255 2571 359 2632 beilum
383 2572 531 2633 inferentes
552 2577 647 2654 copias
672 2573 827 2650 eduxisset,

149 2656 222 2713 inter
241 2654 393 2733 praeliantes
418 2651 544 2734 depulsus
568 2657 597 2714 in
615 2656 750 2732 Albula-m
768 2661 826 2716 flu-

149 2753 234 2803 men,
248 2733 283 2792 de
303 2737 386 2805 eriit,
409 2731 593 2816 mutandique
613 2739 737 2796 nominis
760 2735 825 2796 exs-

151 2816 211 2874 titit
225 2755 332 2886 cauIit,
347 2833 378 2876 ut
390 2811 514 2876 scribunt
526 2815 628 2878 Lucius
641 2816 760 2959 gincius
777 2817 829 2888 ub.

467 2924 470 2930 ¹
692 2919 711 2959 v
