2142 3664
228 312 297 376 224
369 265 736 359 AuussVrcrou

226 432 297 492 quos
313 408 445 470 Tiberius
463 409 549 468 exitio
567 411 769 490 interceperat,
789 429 906 490 permo-

226 493 350 550 vebatur.
371 489 438 567 Qui
457 488 538 550 causi
558 491 718 550 nitebantur
738 514 837 571 omues
859 516 908 553 ca-

211 581 215 586 '
227 570 290 632 sum
301 591 384 632 tantae
398 569 513 630 familiae
530 571 615 630 lenire
630 571 829 633 adolescentuli
840 572 887 652 spe
901 598 908 631 :

227 653 306 714 Turn
324 657 390 734 quia
407 672 487 712 natus
504 655 533 711 iu
551 655 671 712 exercitu
686 655 781 726 (unde
799 676 910 737 cogno-

228 755 356 796 mentum
378 735 567 794 calceamento
591 735 707 795 militari
723 737 913 817 quaesiverat)
935 809 937 812 Ι

229 815 390 898 legionibus
419 837 498 874 catus
528 815 711 897 acceptusque
745 815 912 878 habebatur.

229 895 368 957 Ptaeterei
393 895 622 978 prudentissimus
669 897 765 979 uisque
791 898 917 970 similent

231 977 293 1039 fore
325 977 368 1038 sui
396 969 557 1050 credebat,
587 920 667 1059 quod
695 979 783 1062 longe
812 977 917 1051 secus,

232 1063 312 1142 quasi
334 1077 438 1120 naturae
460 1060 521 1141 lege
541 1083 551 1130 3
572 1080 634 1140 quae
653 1059 749 1120 crebrd
767 1080 916 1142 tamquam

232 1163 267 1201 ex
293 1137 427 1201 industrii
455 1142 545 1200 malos
573 1141 588 1198 ὲ
619 1141 729 1212 bonis3
754 1141 872 1224 agrestes
901 1142 918 1200 ὲ

232 1221 425 1292 doctoribus,
452 1229 480 1281 &
507 1241 618 1280 caeteros
647 1219 842 1302 hujuscemodi
869 1220 920 1282 seu

231 1323 333 1364 contra
357 1305 458 1386 gignit.
481 1301 549 1380 Quo
575 1301 690 1362 demum
714 1306 844 1384 exemplo
867 1301 917 1364 sa·

233 1387 371 1466 pientium
390 1384 479 1464 plures
499 1381 610 1444 caruisse
627 1385 723 1444 liberis
744 1387 839 1446 utilius
858 1384 915 1446 du-

233 1467 307 1526 xere.
326 1465 469 1527 Caeterum
485 1467 515 1524 in
528 1463 662 1549 Caligulri
678 1463 754 1526 haud
772 1489 918 1548 quaquam

234 1569 302 1606 vero
326 1548 479 1627 plurimum
502 1547 618 1606 aberant
637 1570 647 1618 3
672 1550 775 1630 quippe
796 1552 846 1629 qui
867 1547 918 1608 diu

234 1631 373 1688 immania
387 1630 477 1690 animi
488 1629 527 1688 ita
541 1628 666 1708 pudore,
680 1651 712 1688 ac
728 1627 843 1709 parendi
857 1626 919 1710 spe-

234 1713 278 1770 cie
296 1711 458 1782 obtexerat,
476 1713 517 1770 uti
539 1707 642 1770 meriti)
661 1710 841 1792 vulgaretur,
859 1731 914 1770 ne-

234 1813 290 1873 que
304 1793 433 1852 meliores
444 1790 566 1852 famulos
580 1812 670 1872 neque
684 1791 917 1852 atrociorem'do-

234 1875 346 1932 minum
379 1873 442 1956 illo*
460 1868 548 1932 fuisse.
575 1871 706 1953 Denique
733 1877 829 1934 nudius
856 1893 914 1953 po-

235 1950 395 2024 testatem,
421 1955 463 2012 titi
483 1953 550 2012 talia
571 1953 686 2036 ingenia
713 1953 799 2014 deteri
825 1953 918 2016 solent

235 2035 304 2094 anni
324 2033 486 2105 mensibus,
506 2035 622 2118 egregia
640 2034 677 2095 ad
688 2037 824 2116 populum
843 2037 918 2098 inter

235 2135 405 2196 partescum
420 2116 556 2176 militibus
567 2118 651 2198 gessit
664 2140 672 2174 ι,
687 2117 833 2199 delataique
848 2138 919 2180 con-

236 2199 398 2275 juratione,
414 2200 494 2280 quasi
515 2197 607 2258 minris
628 2197 762 2269 credens,
779 2196 917 2279 ptaedica-
948 2272 951 2282 Δ

237 2298 299 2350 ret,
313 2282 361 2338 vix
375 2280 523 2338 convenire
536 2280 566 2337 in
582 2300 669 2350 eum,
684 2284 759 2357 cujus
772 2281 830 2338 vita
849 2281 918 2340 nul-

238 2359 292 2420 lius
316 2363 395 2420 oneri
416 2379 466 2418 aut
485 2359 670 2419 incommodo
690 2357 763 2419 esset.
788 2359 843 2420 Sed
869 2382 918 2420 re-

237 2441 322 2522 pente
346 2443 421 2500 caesis
440 2439 561 2520 primdm
578 2441 658 2498 vario
679 2437 805 2498 facinore
828 2443 918 2502 inno-

238 2525 362 2580 centium
402 2521 608 2600 paucioribus,
645 2539 781 2602 tanquam
820 2522 920 2584 belluae

238 2599 338 2676 hausto
355 2599 490 2695 sanguine
501 2601 648 2684 ingenium
664 2603 807 2675 exercuit3
824 2607 862 2664 ita
885 2627 920 2664 ue

154 2689 155 2692 ’
239 2682 369 2763 deinceps
382 2684 534 2744 triennium
549 2679 765 2764 consumptum,
789 2683 852 2744 crim
864 2626 921 2746 be-

240 2763 322 2824 natirs
332 2783 415 2846 atque
427 2765 529 2846 optimi
548 2763 679 2848 cujusque
693 2767 842 2845 multiplici
856 2767 918 2826 cla-

241 2845 431 2910 deterrarum
453 2845 528 2908 orbis
550 2845 709 2910 foedaretur.
730 2847 810 2926 Quin
833 2851 920 2910 etiarn
