2142 3664
212 284 282 348 280
354 277 724 355 AUR,V1(3TOR

209 421 262 458 nos
280 397 438 458 Alexander
461 395 661 477 pro-Praefedo
681 416 802 478 gerens3
827 395 884 455 do-

210 482 331 540 minatui
348 477 446 538 stolide
467 479 651 547 incubuerat,
674 475 737 536 crint
756 476 813 556 ipse
832 477 885 536 de-

211 560 262 618 bili
285 579 387 630 aetate,
413 557 564 638 agrestibus
585 579 617 617 ac
636 559 805 618 Pannonicis
830 580 885 638 pa-

209 642 332 700 rentibus
349 639 521 707 vecordior,
546 640 673 709 milites,
693 640 887 698 tumultuarie-

210 740 264 802 que
281 723 413 801 quaesiti,
432 741 575 780 armorum
593 723 639 782 vix
660 719 784 779 mediuin
804 717 889 802 habe-

209 821 292 862 retur.
328 802 459 882 Denique
493 822 557 860 eum
592 799 608 859 *a
637 801 776 880 Tyranno
810 801 890 859 missi
943 843 949 857 ,

211 885 383 962 paucissimis
409 880 571 942 cohortibus
597 880 695 940 Rufius
717 883 889 941 Volusianus

211 962 358 1024 Praefectus
389 964 549 1033 Praetorio,
581 983 613 1021 ac
643 964 775 1023 militares
805 963 890 1022 duces

212 1046 269 1104 levi
302 1047 451 1104 certamine
486 1043 641 1103 confecere.
679 1043 747 1120 Quo
779 1046 855 1103 vicio
880 1088 889 1114 ,

213 1126 375 1186 Maxentius
396 1123 504 1186 Cartha
526 1127 603 1184 inem
623 1145 759 1184 tetrarum
783 1123 892 1193 decus,

213 1207 298 1266 simul
325 1205 427 1266 Africae
453 1147 610 1282 pullhriora
638 1204 761 1276 vastari,
786 1205 893 1285 diripi,

214 1286 381 1368 incendique
407 1284 518 1364 jusserat
539 1311 549 1358 3
573 1287 647 1348 ferus
670 1333 679 1358 ,
704 1283 893 1346 inhumanus-

216 1389 270 1449 que
305 1390 336 1426 ac
367 1368 484 1428 libidine
521 1366 612 1428 multb
649 1371 753 1428 tetrior.
792 1361 896 1426 Adhuc

216 1447 333 1528 pavidus
363 1457 390 1509 &
418 1450 564 1519 imbellis,
593 1469 677 1530 atque
702 1452 732 1508 in
759 1448 896 1508 desidiam

218 1528 294 1589 foede
313 1551 436 1609 pronus,
458 1529 494 1590 us
512 1551 544 1589 ue
563 1529 623 1600 eb,
645 1549 677 1588 ut
696 1531 830 1612 flagrante
850 1549 899 1608 per

218 1611 331 1670 ltaliam
360 1612 463 1682 bello,
490 1553 617 1692 lusisque
647 1611 721 1690 apud
751 1607 898 1670 Veronam

219 1689 299 1762 suis,
321 1689 412 1752 nihilo
429 1692 539 1775 segnius
556 1692 637 1752 solita
657 1711 786 1762 curaret,
808 1711 899 1773 neque

219 1775 304 1852 patris
327 1774 412 1832 exitio
437 1794 602 1834 moveretur.
629 1773 763 1854 Namque
784 1773 898 1832 Hercu-

220 1853 273 1912 lius
294 1852 392 1912 natur&
410 1856 616 1934 impotentior,
632 1855 716 1913 simul
732 1851 784 1912 filii
804 1851 900 1935 segni·

221 1935 267 1993 tiae
287 1953 437 2004 metuens,
460 1933 617 1994 inconsulte
637 1937 786 2013 imperium
803 1937 902 2014 tepeti-

221 2033 307 2074 verat.
321 2011 452 2095 Ctimque
467 2013 556 2096 specie
567 2015 653 2074 officii
672 2015 744 2074 dolis
759 2013 902 2094 composi-

224 2097 259 2156 tis
273 2094 492 2156 Constantinum
507 2117 640 2179 generum
654 2115 771 2155 tentarer
784 2096 901 2166 acerbe,

223 2181 281 2255 jure
295 2177 409 2236 tandem
422 2179 570 2238 interierat.
584 2177 640 2248 Sed
651 2178 813 2238 Maxentius
827 2182 903 2235 atro-

226 2258 286 2316 cior
304 2259 333 2318 in
357 2259 437 2330 dies,
458 2260 572 2320 tandem
587 2260 667 2320 Urbe
682 2261 711 2317 in
729 2258 801 2317 Saxa
820 2257 903 2316 rubra

226 2339 316 2398 millia
335 2338 423 2398 ferme
442 2361 546 2400 novem
566 2341 708 2422 aegerrime
730 2335 903 2422 progrellus,

226 2416 290 2478 crim
311 2419 380 2480 caesi
397 2423 455 2480 acie
472 2421 582 2503 fugiens
600 2419 687 2479 semet
707 2420 830 2479 Romam
854 2439 902 2477 re-

227 2503 350 2577 ciperet,
370 2501 501 2572 insidiis,
522 2523 591 2582 quas
609 2499 680 2559 hosti
696 2501 769 2579 apud
788 2519 904 2579 pontem

226 2580 369 2640 Mulvium
390 2582 548 2652 locaverat,
561 2585 590 2641 in
609 2578 774 2664 transgrellu
793 2581 905 2639 Tiberis

227 2662 393 2740 interceptus
422 2661 460 2720 est
476 2707 489 2733 .,
525 2664 679 2741 tyrannidis
709 2685 785 2721 anno
815 2660 903 2720 sexto.

228 2741 320 2819 Hujus
329 2763 396 2802 nece
408 2744 569 2804 incredibile
580 2765 716 2824 quantum
730 2741 824 2802 letitia
837 2763 909 2822 gau-

229 2821 332 2904 dioque
360 2824 478 2885 Senatus
499 2846 540 2885 'ac
566 2825 665 2906 plebes
686 2821 908 2892 exsultaverint,
