2142 3664
263 359 327 410 oa
357 345 697 414 CAEsAursus.
751 351 817 429 269

93 521 105 534 .,
139 463 278 534 tioribus,
298 460 376 544 qubd
393 462 508 522 mllituri
525 461 629 522 ferocitl
646 461 758 545 legendi
778 466 820 540 jus

138 543 274 624 Principis
293 545 423 604 Proceres
443 541 611 623 recepissent.
633 543 704 620 Quae
723 563 819 602 tumen

138 627 232 684 letitia
251 625 364 696 brevis,
387 643 478 705 neque
500 627 574 684 exitu
594 625 734 683 tolerabili
755 623 818 683 fuit.

136 705 272 788 Namque
291 705 395 766 Tacito
417 704 564 764 confestim
588 703 604 764 *a
628 704 819 765 ducentesimd

135 791 217 870 regni
240 787 302 846 luce
328 787 436 868 Tyanae
460 807 602 856 mortuo,
635 784 699 845 crim
722 803 819 846 tamen

135 867 210 948 priris
234 871 360 927 austores
381 869 529 927 Aureliani
548 869 648 938 necis,
672 865 816 925 maximb-

136 969 192 1029 que
211 949 394 1030 Mucaperem
416 947 539 1020 ducem,
560 946 637 1029 qubd
655 949 740 1026 ipsius
761 950 819 1007 retu

136 1030 299 1100 occiderat,
325 1027 551 1098 excruciavillet‚
577 1029 721 1087 Florianus
741 1027 817 1106 ejus-

62 1105 68 1118 '
138 1109 204 1169 dem
231 1110 344 1182 frater,
372 1112 451 1170 nullo
477 1107 594 1171 Senatlts
620 1106 668 1168 seu
694 1109 819 1168 militum

137 1189 266 1250 consulto
284 1190 436 1270 Imperium
454 1191 615 1262 invaserat,

179 1271 360 1332 XXXVII.
383 1273 444 1351 Qui
466 1294 521 1332 uno
542 1269 636 1332 mense
658 1289 706 1331 aut
729 1271 818 1332 altero

136 1354 185 1413 vix
201 1352 336 1412 retentati
348 1353 543 1414 dominatione
559 1353 632 1434 apud
644 1351 766 1413 Tarsum
780 1355 817 1413 ab

136 1432 193 1494 suis
215 1433 390 1493 interficitur.
405 1433 470 1493 Post
484 1457 569 1516 quem
588 1434 713 1494 Probum
729 1437 759 1494 in
779 1434 820 1494 Il-

135 1516 227 1596 lyrico
242 1515 349 1575 fautum
363 1516 512 1595 accepdte‚
528 1517 637 1598 ingenti
650 1516 718 1574 belli
732 1513 820 1575 scien-

136 1598 177 1656 tid
194 1594 436 1675 exercitandisque
452 1597 529 1655 varie
547 1596 682 1655 militibus
694 1613 757 1665 ,ac
771 1596 820 1655 du-

137 1675 227 1735 tanda
253 1681 398 1754 juventute
421 1696 506 1755 prope
527 1675 720 1734 Hannibalem
744 1675 818 1734 alte-

138 1777 210 1816 rum.
231 1755 366 1836 Namque
381 1773 411 1814 ut
425 1756 471 1815 ille
488 1756 557 1815 oleis
571 1755 673 1816 Africa
689 1757 820 1838 pleraque

130 1857 188 1918 per
212 1837 365 1919 legiones,
389 1858 507 1918 quarum
533 1841 625 1898 otium
648 1837 819 1918 Reipublicae

139 1937 223 1999 atque
245 1917 406 1978 ductoribus
425 1915 582 1999 suspectum
607 1919 739 1990 rebatur,
764 1941 817 1980 eo-

138 2000 204 2060 dem
233 1999 321 2060 modo
346 1996 392 2058 hic
423 1995 575 2072 Galliam,
602 1999 768 2060 Pannonias
785 2023 819 2061 ue

138 2090 166 2140 δι
179 2080 336 2140 Moesorum
352 2081 437 2140 colles
452 2085 552 2142 vinetis
568 2084 685 2161 replevit
698 2105 707 2150 3
725 2024 785 2160 poll

138 2159 205 2220 sane
218 2161 305 2243 qu‘am
315 2162 502 2221 Barbarotum
516 2165 615 2220 attritae
630 2181 724 2244 gentes
739 2159 818 2234 lunt,

139 2263 201 2322 quse
220 2241 320 2302 nostris
339 2243 508 2320 principibus
528 2240 640 2300 suorum
659 2240 758 2300 scelere
779 2245 822 2302 in·

139 2322 281 2392 terfediis,
303 2325 477 2400 irruperant3
501 2323 584 2382 simul
602 2324 698 2392 cresis,
721 2323 820 2383 Satur-

138 2408 207 2462 nino
237 2423 285 2483 per
315 2402 487 2474 Orientem,
514 2405 679 2486 Agrippinae
703 2403 818 2468 Bonoso

139 2486 282 2553 exercitu,
306 2505 372 2544 nam
394 2487 502 2566 utrique
524 2485 701 2570 dominatum
726 2505 820 2546 tenta-

139 2585 256 2635 verant,
272 2563 400 2644 sumpta,
419 2570 464 2624 cui
478 2566 560 2625 duces
574 2587 730 2647 proterant,
750 2589 817 2628 ma-

139 2667 186 2706 nu.
214 2644 282 2723 Qud
302 2643 384 2704 causa
403 2650 517 2726 receptis
541 2649 674 2708 omnibus
698 2647 819 2727 pacatis-

161 2748 194 2786 ue
219 2721 315 2784 dixille
334 2723 480 2806 proditur,
502 2729 579 2788 brevi
599 2729 701 2788 milites
721 2726 818 2788 frusttd

138 2749 208 2866 lore.
226 2808 303 2867 Hinc
320 2805 440 2888 denique
455 2813 546 2890 magis
564 2811 662 2867 irritati
677 2806 761 2887 paulb
779 2811 819 2868 cis

110 2917 113 2923 ·
140 2886 247 2948 sextum
266 2909 372 2950 aunum
387 2888 461 2970 apud
473 2889 606 2950 Sirmium
624 2888 818 2961 trucidavere,

610 2969 697 3049 Miij

787 2096 873 2142 ea*
