2110 3666
251 351 647 404 ·eP1ToMn
738 357 808 427 κῃ

124 453 255 516 Possidio
269 452 409 514 Eunucho
425 452 487 534 post
505 451 678 534 triumphum
696 453 808 514 Britan·

122 537 242 607 nicum,
256 535 328 596 inter
342 535 507 595 militarium
523 535 712 605 fortissimos,
729 557 809 597 arma

124 618 248 700 insignia
269 635 416 697 tamquam
435 618 565 696 participi
587 617 711 676 vidioriae
729 616 808 677 dono

113 697 203 758 ‚dedit
223 697 398 778 :Polybium
423 699 494 756 inter
513 696 655 758 Consules
679 697 806 758 medium

116 778 254 848 ‚incedere
278 777 353 839 fecit.
373 777 437 838 Hos
457 799 556 838 omnes
577 779 702 838 anteibat
723 779 806 839 Nar-

116 857 205 930 ,ciffus
224 860 261 920 ab
277 857 420 939 epistolis,
439 858 588 919 dominum
605 857 633 918 se
650 879 748 942 gerens
766 861 809 941 ip·

117 943 182 1010 ,sius
195 940 325 1011 domini,
342 938 490 1039 Pallasque
502 943 635 1020 praetoriis
650 961 808 1004 ornamen-

116 1025 163 1088 ,tis
181 1020 345 1084 sublimatus
359 1044 368 1091 3
392 1020 465 1082 adeo
481 1021 601 1092 divites,
622 1040 653 1080 ut
669 1019 809 1084 cauffante

119 1123 164 1172 ¹co
185 1105 311 1182 inopiam
330 1100 410 1174 fisci,
426 1103 599 1183 lepidissime
619 1099 733 1163 famoso
751 1103 810 1164 elo-

121 1186 179 1265 gio
202 1183 349 1266 vulgatum
375 1187 435 1255 sit,
462 1184 585 1244 Abunde
614 1187 641 1244 ci
678 1186 809 1247 ecuniam

127 1262 213 1336 fore,
234 1267 257 1324 si
278 1263 294 1326 d
318 1264 428 1325 duobus
452 1265 558 1326 libertis
585 1267 615 1324 iu
644 1204 808 1327 ductarent

119 1347 305 1425 ¹reciperetur.
333 1346 427 1425 Hujus
461 1347 634 1428 temporibus
662 1345 737 1408 visus
769 1346 809 1410 est

116 1427 202 1506 ‚apud
219 1427 381 1512 AEgyptum
395 1424 536 1498 Phoenix,
552 1449 638 1510 quam
654 1427 746 1490 ferunt
759 1449 810 1489 vo·

71 1533 73 1538 ’
117 1507 232 1570 .lucrem
262 1530 338 1568 anno
370 1509 596 1590 quingentesimo
623 1529 657 1568 ex
678 1511 807 1570 Arabum

125 1589 251 1650 odoratis
273 1589 343 1648 lucis
363 1588 522 1659 advolare,
547 1609 631 1670 atque
653 1589 682 1648 in
702 1590 808 1673 AEgaeo

119 1672 206 1730 ,mari
224 1687 335 1748 repente
352 1667 442 1729 insula
459 1671 578 1730 emersit.
599 1669 657 1728 Hic
674 1671 810 1753 Agrippi-

127 1771 196 1810 nam
217 1749 384 1812 Germanici
403 1747 493 1809 fratris
512 1747 555 1808 sui
577 1748 666 1810 filiam
691 1771 808 1822 uxorem

129 1831 237 1902 duxit,
268 1851 330 1912 quae
359 1828 419 1892 filio
448 1833 489 1890 im
511 1833 600 1892 etium
629 1851 808 1912 procurans,

122 1908 224 1992 primb
251 1913 395 1994 privignos
424 1851 531 1974 insidiis
558 1913 807 1990 multiformibus,

129 1990 231 2054 debinc
250 1990 341 2075 ipsum
360 1997 511 2077 conjugem
526 2015 637 2054 veneno
654 1997 807 2060 interemit.

120 2074 211 2144 ,Vixit
232 2096 320 2136 annos
341 2072 485 2159 sexaginta
505 2081 745 2154 quatu013cujus
765 2077 809 2138 fu-

128 2176 201 2228 nus,
222 2175 253 2216 ut
273 2154 420 2236 quondam
447 2155 477 2214 in
503 2154 662 2236 Tarquinio
687 2156 807 2230 Prisco,

129 2236 179 2296 diu
200 2237 380 2296 occultatum.
408 2235 488 2296 Dum
507 2253 565 2294 arte
590 2235 719 2296 muliebri
739 2259 806 2298 cot-

128 2318 203 2398 rupti
223 2315 349 2378 custodes
367 2335 472 2398 aegtum
492 2313 643 2388 simulant,
660 2317 739 2378 Nero
752 2321 809 2400 pri-

129 2400 158 2469 vi
179 2419 231 2458 uus
248 2402 313 2478 ejus'
324 2399 435 2479 imperii
455 2401 518 2476 jura
540 2393 667 2478 suscepit.

123 2529 128 2536 .
159 2420 208 2542 bs.
228 2479 374 2540 Domitius
387 2478 486 2550 Nero,
505 2485 581 2559 patre
601 2479 735 2540 Domitio
752 2481 809 2542 A'e'-

128 2559 259 2622 nobarbo
282 2563 523 2643 genitus,·matre
543 2559 722 2642 Agrippimi,
746 2564 807 2623 im-

130 2645 236 2722 petavit
256 2663 345 2703 annos
370 2639 513 2706 tredecim.
536 2639 590 2700 Iste
613 2644 808 2724 quinquennio

130 2723 281 2790 tolerabilis
298 2720 381 2783 visus.
403 2720 489 2786 Unde
504 2721 622 2801 quidam
638 2724 807 2804 prodidere,

130 2803 284 2883 Trajanum
307 2801 421 2864 solitum
448 2801 560 2872 dicere,
581 2804 684 2864 Procul
708 2804 808 2866 distare

130 2889 243 2950 condius
274 2886 414 2970 principes
449 2883 583 2958 Neronis,
602 2888 806 3029 quinquennio.

668 2987 688 3030 V
