<?xml version="1.0" encoding="UTF-8"?>
<!DOCTYPE html PUBLIC "-//W3C//DTD XHTML 1.0 Transitional//EN"
    "http://www.w3.org/TR/xhtml1/DTD/xhtml1-transitional.dtd">
<html xmlns="http://www.w3.org/1999/xhtml" xml:lang="en" lang="en">
 <head>
  <title>
</title>
<meta http-equiv="Content-Type" content="text/html;charset=utf-8" />
  <meta name='ocr-system' content='tesseract 3.04.00' />
  <meta name='ocr-capabilities' content='ocr_page ocr_carea ocr_par ocr_line ocrx_word'/>
</head>
<body>
  <div class='ocr_page' id='page_1' title='image "./eutropiisextaur00victgoog_0195.png"; bbox 0 0 2142 3664; ppageno 0'>
   <div class='ocr_carea' id='block_1_1' title="bbox 219 265 737 335">
    <p class='ocr_par' dir='ltr' id='par_1_1' title="bbox 219 265 737 335">
     <span class='ocr_line' id='line_1_1' title="bbox 219 265 737 335; baseline 0 -1"><span class='ocrx_word' id='word_1_1' title='bbox 219 272 282 334; x_wconf 85' lang='lat'>188</span> <span class='ocrx_word' id='word_1_2' title='bbox 366 265 737 335; x_wconf 81' lang='lat' dir='ltr'>Aure.Vrcron</span> 
     </span>
    </p>
   </div>
   <div class='ocr_carea' id='block_1_2' title="bbox 131 380 946 2884">
    <p class='ocr_par' dir='ltr' id='par_1_2' title="bbox 214 380 946 1592">
     <span class='ocr_line' id='line_1_2' title="bbox 214 380 896 466; baseline 0 -22"><span class='ocrx_word' id='word_1_3' title='bbox 214 387 289 444; x_wconf 88' lang='lat' dir='ltr'>bello</span> <span class='ocrx_word' id='word_1_4' title='bbox 308 384 365 444; x_wconf 88' lang='lat' dir='ltr'>dur</span> <span class='ocrx_word' id='word_1_5' title='bbox 385 391 483 444; x_wconf 80' lang='lat' dir='ltr'>c&#39;ontra</span> <span class='ocrx_word' id='word_1_6' title='bbox 505 381 755 466; x_wconf 84' lang='lat' dir='ltr'>Carthaginienses</span> <span class='ocrx_word' id='word_1_7' title='bbox 776 380 896 456; x_wconf 78' lang='lat' dir='ltr'>miuus,</span> 
     </span>
     <span class='ocr_line' id='line_1_3' title="bbox 215 461 898 544; baseline 0.001 -20"><span class='ocrx_word' id='word_1_8' title='bbox 215 465 279 525; x_wconf 79' lang='lat' dir='ltr'>crim</span> <span class='ocrx_word' id='word_1_9' title='bbox 293 465 399 524; x_wconf 87' lang='lat' dir='ltr'>videret</span> <span class='ocrx_word' id='word_1_10' title='bbox 417 487 464 524; x_wconf 88' lang='lat' dir='ltr'>eos</span> <span class='ocrx_word' id='word_1_11' title='bbox 480 466 601 525; x_wconf 89' lang='lat' dir='ltr'>multum</span> <span class='ocrx_word' id='word_1_12' title='bbox 620 468 693 524; x_wconf 88' lang='lat' dir='ltr'>mari</span> <span class='ocrx_word' id='word_1_13' title='bbox 711 461 785 544; x_wconf 81' lang='lat' dir='ltr'>polle</span> <span class='ocrx_word' id='word_1_14' title='bbox 800 511 809 534; x_wconf 95' lang='lat'>‚</span> <span class='ocrx_word' id='word_1_15' title='bbox 824 461 898 525; x_wconf 91' lang='lat' dir='ltr'>clas-</span> 
     </span>
     <span class='ocr_line' id='line_1_4' title="bbox 215 543 897 628; baseline 0.001 -24"><span class='ocrx_word' id='word_1_16' title='bbox 215 543 273 605; x_wconf 86' lang='lat' dir='ltr'>sem</span> <span class='ocrx_word' id='word_1_17' title='bbox 298 549 389 628; x_wconf 83' lang='lat' dir='ltr'>magis</span> <span class='ocrx_word' id='word_1_18' title='bbox 415 545 539 605; x_wconf 85' lang='lat' dir='ltr'>validam</span> <span class='ocrx_word' id='word_1_19' title='bbox 568 543 654 626; x_wconf 72' lang='lat' dir='ltr'>quim</span> <span class='ocrx_word' id='word_1_20' title='bbox 688 544 820 605; x_wconf 84' lang='lat' dir='ltr'>decoram</span> <span class='ocrx_word' id='word_1_21' title='bbox 847 546 897 605; x_wconf 79' lang='lat' dir='ltr'>fu-</span> 
     </span>
     <span class='ocr_line' id='line_1_5' title="bbox 215 627 898 706; baseline 0.003 -22"><span class='ocrx_word' id='word_1_22' title='bbox 215 627 333 686; x_wconf 87' lang='lat' dir='ltr'>bricavit</span> <span class='ocrx_word' id='word_1_23' title='bbox 345 673 353 697; x_wconf 95' lang='lat'>,</span> <span class='ocrx_word' id='word_1_24' title='bbox 365 635 391 686; x_wconf 89' lang='lat'>&amp;</span> <span class='ocrx_word' id='word_1_25' title='bbox 404 672 413 696; x_wconf 95' lang='lat'>,</span> <span class='ocrx_word' id='word_1_26' title='bbox 427 630 512 706; x_wconf 85' lang='lat' dir='ltr'>[quas</span> <span class='ocrx_word' id='word_1_27' title='bbox 526 648 626 685; x_wconf 85' lang='lat' dir='ltr'>corvos</span> <span class='ocrx_word' id='word_1_28' title='bbox 641 628 816 702; x_wconf 70' lang='lat' dir='ltr'>vocavdre‚]</span> <span class='ocrx_word' id='word_1_29' title='bbox 834 649 898 686; x_wconf 88' lang='lat' dir='ltr'>ma-</span> 
     </span>
     <span class='ocr_line' id='line_1_6' title="bbox 215 703 896 787; baseline 0.004 -23"><span class='ocrx_word' id='word_1_30' title='bbox 215 727 266 765; x_wconf 90' lang='lat' dir='ltr'>nus</span> <span class='ocrx_word' id='word_1_31' title='bbox 287 705 388 766; x_wconf 89' lang='lat' dir='ltr'>ferreas</span> <span class='ocrx_word' id='word_1_32' title='bbox 404 729 468 766; x_wconf 88' lang='lat' dir='ltr'>cum</span> <span class='ocrx_word' id='word_1_33' title='bbox 487 703 568 766; x_wconf 84' lang='lat' dir='ltr'>irrisu</span> <span class='ocrx_word' id='word_1_34' title='bbox 585 703 708 765; x_wconf 89' lang='lat' dir='ltr'>hostium</span> <span class='ocrx_word' id='word_1_35' title='bbox 726 710 832 787; x_wconf 89' lang='lat' dir='ltr'>primus</span> <span class='ocrx_word' id='word_1_36' title='bbox 846 711 896 767; x_wconf 90' lang='lat' dir='ltr'>in-</span> 
     </span>
     <span class='ocr_line' id='line_1_7' title="bbox 215 784 897 870; baseline 0.004 -24"><span class='ocrx_word' id='word_1_37' title='bbox 215 784 326 857; x_wconf 87' lang='lat' dir='ltr'>stituit,</span> <span class='ocrx_word' id='word_1_38' title='bbox 348 789 449 870; x_wconf 90' lang='lat' dir='ltr'>quibus</span> <span class='ocrx_word' id='word_1_39' title='bbox 470 789 543 847; x_wconf 90' lang='lat' dir='ltr'>inter</span> <span class='ocrx_word' id='word_1_40' title='bbox 567 788 751 868; x_wconf 85' lang='lat' dir='ltr'>pugnandum</span> <span class='ocrx_word' id='word_1_41' title='bbox 773 785 897 849; x_wconf 88' lang='lat' dir='ltr'>hostium</span> 
     </span>
     <span class='ocr_line' id='line_1_8' title="bbox 215 865 902 949; baseline 0.003 -23"><span class='ocrx_word' id='word_1_42' title='bbox 215 889 299 926; x_wconf 83' lang='lat' dir='ltr'>naves</span> <span class='ocrx_word' id='word_1_43' title='bbox 316 867 517 948; x_wconf 83' lang='lat' dir='ltr'>apprehendit,</span> <span class='ocrx_word' id='word_1_44' title='bbox 531 871 581 949; x_wconf 89' lang='lat' dir='ltr'>qui</span> <span class='ocrx_word' id='word_1_45' title='bbox 597 871 666 928; x_wconf 80' lang='lat' dir='ltr'>vieti</span> <span class='ocrx_word' id='word_1_46' title='bbox 686 877 714 928; x_wconf 74' lang='grc' dir='ltr'>δι</span> <span class='ocrx_word' id='word_1_47' title='bbox 732 872 806 947; x_wconf 88' lang='lat' dir='ltr'>capti</span> <span class='ocrx_word' id='word_1_48' title='bbox 820 865 902 928; x_wconf 58' lang='lat' dir='ltr'>sur&#39;rt.v</span> 
     </span>
     <span class='ocr_line' id='line_1_9' title="bbox 215 947 896 1031; baseline 0.003 -25"><span class='ocrx_word' id='word_1_49' title='bbox 215 947 362 1008; x_wconf 77' lang='lat' dir='ltr'>Hannibal</span> <span class='ocrx_word' id='word_1_50' title='bbox 380 949 436 1008; x_wconf 90' lang='lat' dir='ltr'>dux</span> <span class='ocrx_word' id='word_1_51' title='bbox 455 949 549 1008; x_wconf 83' lang='lat' dir='ltr'>classis</span> <span class='ocrx_word' id='word_1_52' title='bbox 567 947 781 1030; x_wconf 71' lang='lat' dir='ltr'>Carthaginem</span> <span class='ocrx_word' id='word_1_53' title='bbox 796 947 896 1031; x_wconf 88' lang='lat' dir='ltr'>fugit,</span> 
     </span>
     <span class='ocr_line' id='line_1_10' title="bbox 217 1026 900 1110; baseline 0.003 -23"><span class='ocrx_word' id='word_1_54' title='bbox 217 1037 244 1087; x_wconf 77' lang='grc' dir='ltr'>δι</span> <span class='ocrx_word' id='word_1_55' title='bbox 263 1026 279 1086; x_wconf 75' lang='lat' dir='ltr'>a</span> <span class='ocrx_word' id='word_1_56' title='bbox 292 1029 396 1090; x_wconf 89' lang='lat' dir='ltr'>Senatu</span> <span class='ocrx_word' id='word_1_57' title='bbox 409 1032 552 1110; x_wconf 80' lang='lat' dir='ltr'>quaesivit,</span> <span class='ocrx_word' id='word_1_58' title='bbox 571 1029 642 1109; x_wconf 91' lang='lat' dir='ltr'>quid</span> <span class='ocrx_word' id='word_1_59' title='bbox 656 1029 816 1089; x_wconf 88' lang='lat' dir='ltr'>faciendum</span> <span class='ocrx_word' id='word_1_60' title='bbox 836 1051 900 1089; x_wconf 87' lang='lat' dir='ltr'>cen-</span> 
     </span>
     <span class='ocr_line' id='line_1_11' title="bbox 217 1107 900 1191; baseline 0.003 -23"><span class='ocrx_word' id='word_1_61' title='bbox 217 1107 315 1170; x_wconf 86' lang='lat' dir='ltr'>serent.</span> <span class='ocrx_word' id='word_1_62' title='bbox 334 1111 499 1178; x_wconf 87' lang='lat' dir='ltr'>Omnibus,</span> <span class='ocrx_word' id='word_1_63' title='bbox 520 1129 550 1168; x_wconf 87' lang='lat' dir='ltr'>ut</span> <span class='ocrx_word' id='word_1_64' title='bbox 568 1129 723 1191; x_wconf 82' lang='lat' dir='ltr'>pugnaret,</span> <span class='ocrx_word' id='word_1_65' title='bbox 742 1111 900 1170; x_wconf 85' lang='lat' dir='ltr'>acclaman-</span> 
     </span>
     <span class='ocr_line' id='line_1_12' title="bbox 217 1189 899 1260; baseline 0.003 -12"><span class='ocrx_word' id='word_1_66' title='bbox 217 1191 291 1248; x_wconf 89' lang='lat' dir='ltr'><strong>tibus</strong></span> <span class='ocrx_word' id='word_1_67' title='bbox 313 1214 319 1246; x_wconf 92' lang='lat'>:</span> <span class='ocrx_word' id='word_1_68' title='bbox 345 1192 433 1260; x_wconf 77' lang='lat' dir='ltr'>Feci,</span> <span class='ocrx_word' id='word_1_69' title='bbox 458 1193 487 1249; x_wconf 90' lang='lat' dir='ltr'>in</span> <span class='ocrx_word' id='word_1_70' title='bbox 509 1193 571 1258; x_wconf 91' lang='lat' dir='ltr'>uit,</span> <span class='ocrx_word' id='word_1_71' title='bbox 590 1200 617 1250; x_wconf 74' lang='grc' dir='ltr'>δι</span> <span class='ocrx_word' id='word_1_72' title='bbox 641 1195 731 1251; x_wconf 58' lang='lat' dir='ltr'>vietus</span> <span class='ocrx_word' id='word_1_73' title='bbox 752 1189 813 1250; x_wconf 90' lang='lat' dir='ltr'>sum</span> <span class='ocrx_word' id='word_1_74' title='bbox 828 1212 838 1260; x_wconf 82' lang='lat'>3</span> <span class='ocrx_word' id='word_1_75' title='bbox 859 1194 899 1250; x_wconf 93' lang='lat' dir='ltr'>sic</span> 
     </span>
     <span class='ocr_line' id='line_1_13' title="bbox 218 1213 901 1352; baseline 0.004 -24"><span class='ocrx_word' id='word_1_76' title='bbox 218 1291 332 1349; x_wconf 86' lang='lat' dir='ltr'>poenam</span> <span class='ocrx_word' id='word_1_77' title='bbox 356 1273 444 1330; x_wconf 90' lang='lat' dir='ltr'>crucis</span> <span class='ocrx_word' id='word_1_78' title='bbox 468 1213 576 1352; x_wconf 71' lang='lat' dir='ltr'>elingit.</span> <span class='ocrx_word' id='word_1_79' title='bbox 597 1271 676 1330; x_wconf 83' lang='lat' dir='ltr'>Nam</span> <span class='ocrx_word' id='word_1_80' title='bbox 700 1271 774 1350; x_wconf 85' lang='lat' dir='ltr'>apud</span> <span class='ocrx_word' id='word_1_81' title='bbox 796 1272 901 1332; x_wconf 87' lang='lat' dir='ltr'>Poenos</span> 
     </span>
     <span class='ocr_line' id='line_1_14' title="bbox 219 1349 899 1433; baseline 0.004 -25"><span class='ocrx_word' id='word_1_82' title='bbox 219 1349 274 1408; x_wconf 86' lang='lat' dir='ltr'>dur</span> <span class='ocrx_word' id='word_1_83' title='bbox 292 1351 366 1410; x_wconf 85' lang='lat' dir='ltr'>male</span> <span class='ocrx_word' id='word_1_84' title='bbox 381 1371 410 1410; x_wconf 90' lang='lat' dir='ltr'>re</span> <span class='ocrx_word' id='word_1_85' title='bbox 423 1349 500 1433; x_wconf 71' lang='lat' dir='ltr'>gesti</span> <span class='ocrx_word' id='word_1_86' title='bbox 513 1352 687 1431; x_wconf 83' lang='lat' dir='ltr'>puniebatur.</span> <span class='ocrx_word' id='word_1_87' title='bbox 706 1351 805 1411; x_wconf 89' lang='lat' dir='ltr'>Duilio</span> <span class='ocrx_word' id='word_1_88' title='bbox 824 1373 899 1412; x_wconf 92' lang='lat' dir='ltr'>con-</span> 
     </span>
     <span class='ocr_line' id='line_1_15' title="bbox 219 1427 899 1512; baseline 0.004 -22"><span class='ocrx_word' id='word_1_89' title='bbox 219 1427 321 1490; x_wconf 82' lang='lat' dir='ltr'>cellum</span> <span class='ocrx_word' id='word_1_90' title='bbox 341 1431 400 1503; x_wconf 88' lang='lat' dir='ltr'>est,</span> <span class='ocrx_word' id='word_1_91' title='bbox 418 1451 449 1490; x_wconf 96' lang='lat' dir='ltr'>ut</span> <span class='ocrx_word' id='word_1_92' title='bbox 468 1433 632 1512; x_wconf 85' lang='lat' dir='ltr'>praelucente</span> <span class='ocrx_word' id='word_1_93' title='bbox 652 1432 760 1502; x_wconf 88' lang='lat' dir='ltr'>funali,</span> <span class='ocrx_word' id='word_1_94' title='bbox 777 1441 804 1491; x_wconf 90' lang='lat'>&amp;</span> <span class='ocrx_word' id='word_1_95' title='bbox 823 1455 899 1512; x_wconf 83' lang='lat' dir='ltr'>pra:-</span> 
     </span>
     <span class='ocr_line' id='line_1_16' title="bbox 220 1511 946 1592; baseline 0.004 -22"><span class='ocrx_word' id='word_1_96' title='bbox 220 1515 329 1572; x_wconf 81' lang='lat' dir='ltr'>tinente</span> <span class='ocrx_word' id='word_1_97' title='bbox 345 1514 480 1583; x_wconf 88' lang='lat' dir='ltr'>tibicine,</span> <span class='ocrx_word' id='word_1_98' title='bbox 498 1511 609 1572; x_wconf 70' lang='lat' dir='ltr'>itcoeni</span> <span class='ocrx_word' id='word_1_99' title='bbox 626 1512 737 1592; x_wconf 74' lang='lat' dir='ltr'>publice</span> <span class='ocrx_word' id='word_1_100' title='bbox 755 1513 865 1572; x_wconf 87' lang='lat' dir='ltr'>rediret.</span> <span class='ocrx_word' id='word_1_101' title='bbox 928 1524 946 1540; x_wconf 86' lang='grc'><strong>“</strong></span> 
     </span>
    </p>

    <p class='ocr_par' dir='ltr' id='par_1_3' title="bbox 131 1591 909 2884">
     <span class='ocr_line' id='line_1_17' title="bbox 259 1591 901 1656; baseline 0.006 -4"><span class='ocrx_word' id='word_1_102' title='bbox 259 1591 418 1654; x_wconf 89' lang='grc' dir='ltr'><strong>ΧΧΧΙΧ.</strong></span> <span class='ocrx_word' id='word_1_103' title='bbox 439 1594 542 1653; x_wconf 89' lang='lat' dir='ltr'>Atilius</span> <span class='ocrx_word' id='word_1_104' title='bbox 560 1591 708 1654; x_wconf 83' lang='lat' dir='ltr'>Calatinus</span> <span class='ocrx_word' id='word_1_105' title='bbox 722 1593 777 1653; x_wconf 85' lang='lat' dir='ltr'>dur</span> <span class='ocrx_word' id='word_1_106' title='bbox 795 1595 901 1656; x_wconf 81' lang='lat' dir='ltr'>adver-</span> 
     </span>
     <span class='ocr_line' id='line_1_18' title="bbox 131 1667 903 1757; baseline 0.003 -23"><span class='ocrx_word' id='word_1_107' title='bbox 131 1667 135 1684; x_wconf 56' lang='lat'><strong>*</strong></span> <span class='ocrx_word' id='word_1_108' title='bbox 222 1671 266 1734; x_wconf 78' lang='lat' dir='ltr'>stis</span> <span class='ocrx_word' id='word_1_109' title='bbox 296 1673 547 1757; x_wconf 81' lang='lat' dir='ltr'>Carthaginienses</span> <span class='ocrx_word' id='word_1_110' title='bbox 573 1671 690 1746; x_wconf 85' lang='lat' dir='ltr'>misius,</span> <span class='ocrx_word' id='word_1_111' title='bbox 717 1677 848 1734; x_wconf 81' lang='lat' dir='ltr'>maximis</span> <span class='ocrx_word' id='word_1_112' title='bbox 874 1685 903 1736; x_wconf 75' lang='grc' dir='ltr'>δε</span> 
     </span>
     <span class='ocr_line' id='line_1_19' title="bbox 220 1754 902 1836; baseline 0.004 -23"><span class='ocrx_word' id='word_1_113' title='bbox 220 1759 415 1816; x_wconf 84' lang='lat' dir='ltr'>munitissimis</span> <span class='ocrx_word' id='word_1_114' title='bbox 430 1755 607 1825; x_wconf 89' lang='lat' dir='ltr'>civitatibus,</span> <span class='ocrx_word' id='word_1_115' title='bbox 622 1754 725 1824; x_wconf 70' lang='lat' dir='ltr'>Enni,</span> <span class='ocrx_word' id='word_1_116' title='bbox 740 1757 877 1836; x_wconf 84' lang='lat' dir='ltr'>Drepano</span> <span class='ocrx_word' id='word_1_117' title='bbox 892 1803 902 1828; x_wconf 96' lang='lat'>,</span> 
     </span>
     <span class='ocr_line' id='line_1_20' title="bbox 220 1833 901 1915; baseline 0.006 -23"><span class='ocrx_word' id='word_1_118' title='bbox 220 1835 371 1914; x_wconf 68' lang='lat' dir='ltr'>Lilybeo,</span> <span class='ocrx_word' id='word_1_119' title='bbox 391 1833 502 1894; x_wconf 88' lang='lat' dir='ltr'>hostilia</span> <span class='ocrx_word' id='word_1_120' title='bbox 514 1835 642 1914; x_wconf 85' lang='lat' dir='ltr'>praesielia</span> <span class='ocrx_word' id='word_1_121' title='bbox 662 1835 770 1915; x_wconf 90' lang='lat' dir='ltr'>dejecit.</span> <span class='ocrx_word' id='word_1_122' title='bbox 788 1837 901 1896; x_wconf 85' lang='lat' dir='ltr'>Panor-</span> 
     </span>
     <span class='ocr_line' id='line_1_21' title="bbox 221 1915 904 2000; baseline 0.003 -26"><span class='ocrx_word' id='word_1_123' title='bbox 221 1937 301 1974; x_wconf 89' lang='lat' dir='ltr'>mum</span> <span class='ocrx_word' id='word_1_124' title='bbox 320 1919 401 1995; x_wconf 89' lang='lat' dir='ltr'>cepit.</span> <span class='ocrx_word' id='word_1_125' title='bbox 423 1915 551 1994; x_wconf 83' lang='lat' dir='ltr'>[Totam</span> <span class='ocrx_word' id='word_1_126' title='bbox 570 1917 696 1976; x_wconf 87' lang='lat' dir='ltr'>Siciliam</span> <span class='ocrx_word' id='word_1_127' title='bbox 713 1937 904 2000; x_wconf 80' lang='lat' dir='ltr'>pervagatus,</span> 
     </span>
     <span class='ocr_line' id='line_1_22' title="bbox 221 1995 904 2076; baseline 0.001 -20"><span class='ocrx_word' id='word_1_128' title='bbox 221 2000 316 2076; x_wconf 86' lang='lat' dir='ltr'>paucis</span> <span class='ocrx_word' id='word_1_129' title='bbox 336 1997 454 2056; x_wconf 82' lang='lat' dir='ltr'>navibus</span> <span class='ocrx_word' id='word_1_130' title='bbox 473 2018 520 2056; x_wconf 91' lang='lat' dir='ltr'>ma</span> <span class='ocrx_word' id='word_1_131' title='bbox 541 2019 608 2056; x_wconf 86' lang='lat' dir='ltr'>nam</span> <span class='ocrx_word' id='word_1_132' title='bbox 627 1995 750 2058; x_wconf 90' lang='lat' dir='ltr'>hostium</span> <span class='ocrx_word' id='word_1_133' title='bbox 769 1995 904 2070; x_wconf 79' lang='lat' dir='ltr'>classem,</span> 
     </span>
     <span class='ocr_line' id='line_1_23' title="bbox 222 2017 906 2157; baseline 0.006 -21"><span class='ocrx_word' id='word_1_134' title='bbox 222 2076 291 2136; x_wconf 89' lang='lat' dir='ltr'>duee</span> <span class='ocrx_word' id='word_1_135' title='bbox 309 2077 491 2147; x_wconf 86' lang='lat' dir='ltr'>Hamilcare,</span> <span class='ocrx_word' id='word_1_136' title='bbox 515 2017 688 2157; x_wconf 72' lang='lat' dir='ltr'>ilrperavit.]</span> <span class='ocrx_word' id='word_1_137' title='bbox 708 2079 763 2138; x_wconf 88' lang='lat' dir='ltr'>Sed</span> <span class='ocrx_word' id='word_1_138' title='bbox 782 2077 846 2138; x_wconf 79' lang='lat' dir='ltr'>crim</span> <span class='ocrx_word' id='word_1_139' title='bbox 867 2080 906 2141; x_wconf 89' lang='lat' dir='ltr'>ad</span> 
     </span>
     <span class='ocr_line' id='line_1_24' title="bbox 223 2157 907 2220; baseline 0 -2"><span class='ocrx_word' id='word_1_140' title='bbox 223 2159 409 2220; x_wconf 78' lang='lat' dir='ltr'>Camerinam</span> <span class='ocrx_word' id='word_1_141' title='bbox 428 2160 464 2220; x_wconf 87' lang='lat' dir='ltr'>ab</span> <span class='ocrx_word' id='word_1_142' title='bbox 489 2157 614 2218; x_wconf 89' lang='lat' dir='ltr'>hostibus</span> <span class='ocrx_word' id='word_1_143' title='bbox 635 2157 772 2219; x_wconf 76' lang='lat' dir='ltr'>obsessam</span> <span class='ocrx_word' id='word_1_144' title='bbox 795 2158 907 2219; x_wconf 86' lang='lat' dir='ltr'>festina-</span> 
     </span>
     <span class='ocr_line' id='line_1_25' title="bbox 224 2237 908 2322; baseline 0.007 -24"><span class='ocrx_word' id='word_1_145' title='bbox 224 2259 288 2309; x_wconf 87' lang='lat' dir='ltr'>ret,</span> <span class='ocrx_word' id='word_1_146' title='bbox 310 2237 431 2300; x_wconf 72' lang='lat' dir='ltr'>hl’oenis</span> <span class='ocrx_word' id='word_1_147' title='bbox 450 2244 479 2299; x_wconf 92' lang='lat' dir='ltr'>in</span> <span class='ocrx_word' id='word_1_148' title='bbox 499 2238 631 2322; x_wconf 81' lang='lat' dir='ltr'>angustiis</span> <span class='ocrx_word' id='word_1_149' title='bbox 650 2239 756 2300; x_wconf 77' lang='lat' dir='ltr'>clausus</span> <span class='ocrx_word' id='word_1_150' title='bbox 775 2238 835 2310; x_wconf 88' lang='lat' dir='ltr'>est,</span> <span class='ocrx_word' id='word_1_151' title='bbox 856 2241 908 2304; x_wconf 84' lang='lat' dir='ltr'>ubi</span> 
     </span>
     <span class='ocr_line' id='line_1_26' title="bbox 223 2319 905 2401; baseline 0.001 -23"><span class='ocrx_word' id='word_1_152' title='bbox 223 2319 367 2380; x_wconf 91' lang='lat' dir='ltr'>Tribunus</span> <span class='ocrx_word' id='word_1_153' title='bbox 397 2322 519 2380; x_wconf 87' lang='lat' dir='ltr'>militum</span> <span class='ocrx_word' id='word_1_154' title='bbox 547 2321 718 2401; x_wconf 86' lang='lat' dir='ltr'>Calpurnius</span> <span class='ocrx_word' id='word_1_155' title='bbox 749 2322 905 2390; x_wconf 83' lang='lat' dir='ltr'>Flamma,</span> 
     </span>
     <span class='ocr_line' id='line_1_27' title="bbox 224 2399 907 2480; baseline 0 -21"><span class='ocrx_word' id='word_1_156' title='bbox 224 2404 342 2479; x_wconf 85' lang='lat' dir='ltr'>acceptis</span> <span class='ocrx_word' id='word_1_157' title='bbox 357 2403 485 2460; x_wconf 88' lang='lat' dir='ltr'>trecentis</span> <span class='ocrx_word' id='word_1_158' title='bbox 500 2399 606 2470; x_wconf 89' lang='lat' dir='ltr'>sociis,</span> <span class='ocrx_word' id='word_1_159' title='bbox 626 2405 656 2460; x_wconf 90' lang='lat' dir='ltr'>in</span> <span class='ocrx_word' id='word_1_160' title='bbox 675 2401 846 2480; x_wconf 89' lang='lat' dir='ltr'>superiorem</span> <span class='ocrx_word' id='word_1_161' title='bbox 864 2402 907 2459; x_wconf 89' lang='lat' dir='ltr'>lo·</span> 
     </span>
     <span class='ocr_line' id='line_1_28' title="bbox 226 2479 907 2561; baseline 0 -19"><span class='ocrx_word' id='word_1_162' title='bbox 226 2503 290 2542; x_wconf 91' lang='lat' dir='ltr'>cum</span> <span class='ocrx_word' id='word_1_163' title='bbox 311 2485 421 2550; x_wconf 84' lang='lat' dir='ltr'>evasit,</span> <span class='ocrx_word' id='word_1_164' title='bbox 437 2479 580 2540; x_wconf 87' lang='lat' dir='ltr'>consulem</span> <span class='ocrx_word' id='word_1_165' title='bbox 598 2483 746 2553; x_wconf 84' lang='lat' dir='ltr'>liberavit3</span> <span class='ocrx_word' id='word_1_166' title='bbox 762 2481 820 2561; x_wconf 89' lang='lat' dir='ltr'>ipse</span> <span class='ocrx_word' id='word_1_167' title='bbox 839 2503 907 2542; x_wconf 88' lang='lat' dir='ltr'>eum</span> 
     </span>
     <span class='ocr_line' id='line_1_29' title="bbox 225 2561 907 2644; baseline 0.006 -26"><span class='ocrx_word' id='word_1_168' title='bbox 225 2565 353 2620; x_wconf 90' lang='lat' dir='ltr'>trecentis</span> <span class='ocrx_word' id='word_1_169' title='bbox 373 2583 500 2644; x_wconf 84' lang='lat' dir='ltr'>pugnans</span> <span class='ocrx_word' id='word_1_170' title='bbox 520 2561 628 2623; x_wconf 90' lang='lat' dir='ltr'>cecidit.</span> <span class='ocrx_word' id='word_1_171' title='bbox 642 2561 741 2622; x_wconf 70' lang='lat' dir='ltr'>Posteh</span> <span class='ocrx_word' id='word_1_172' title='bbox 759 2565 794 2622; x_wconf 89' lang='lat' dir='ltr'>ab</span> <span class='ocrx_word' id='word_1_173' title='bbox 815 2563 907 2622; x_wconf 86' lang='lat' dir='ltr'>Atilio</span> 
     </span>
     <span class='ocr_line' id='line_1_30' title="bbox 227 2641 909 2724; baseline -0.003 -20"><span class='ocrx_word' id='word_1_174' title='bbox 227 2641 398 2704; x_wconf 85' lang='lat' dir='ltr'>semianimis</span> <span class='ocrx_word' id='word_1_175' title='bbox 422 2646 602 2702; x_wconf 85' lang='lat' dir='ltr'>inventus&amp;</span> <span class='ocrx_word' id='word_1_176' title='bbox 630 2641 741 2718; x_wconf 84' lang='lat' dir='ltr'>lanatus</span> <span class='ocrx_word' id='word_1_177' title='bbox 764 2689 775 2712; x_wconf 96' lang='lat'>,</span> <span class='ocrx_word' id='word_1_178' title='bbox 800 2663 909 2724; x_wconf 84' lang='lat' dir='ltr'>magno</span> 
     </span>
     <span class='ocr_line' id='line_1_31' title="bbox 226 2721 906 2808; baseline 0.003 -28"><span class='ocrx_word' id='word_1_179' title='bbox 226 2721 321 2803; x_wconf 65' lang='lat' dir='ltr'>poste‘a</span> <span class='ocrx_word' id='word_1_180' title='bbox 347 2727 447 2782; x_wconf 88' lang='lat' dir='ltr'>terrori</span> <span class='ocrx_word' id='word_1_181' title='bbox 473 2721 597 2784; x_wconf 86' lang='lat' dir='ltr'>hostibus</span> <span class='ocrx_word' id='word_1_182' title='bbox 625 2723 687 2786; x_wconf 83' lang='lat' dir='ltr'>fuit.</span> <span class='ocrx_word' id='word_1_183' title='bbox 710 2725 815 2786; x_wconf 87' lang='lat' dir='ltr'>Atilius</span> <span class='ocrx_word' id='word_1_184' title='bbox 838 2723 906 2808; x_wconf 83' lang='lat' dir='ltr'>glo·</span> 
     </span>
     <span class='ocr_line' id='line_1_32' title="bbox 228 2801 514 2884; baseline 0.007 -22"><span class='ocrx_word' id='word_1_185' title='bbox 228 2804 302 2864; x_wconf 73' lang='lat' dir='ltr'>riose</span> <span class='ocrx_word' id='word_1_186' title='bbox 323 2801 514 2884; x_wconf 75' lang='lat' dir='ltr'>triumphavit.</span> 
     </span>
    </p>
   </div>
   <div class='ocr_carea' id='block_1_3' title="bbox 0 0 1095 3664">
    <p class='ocr_par' dir='ltr' id='par_1_4' title="bbox 0 0 1095 3664">
     <span class='ocr_line' id='line_1_33' title="bbox 0 0 1095 3664; baseline 0 0"><span class='ocrx_word' id='word_1_187' title='bbox 0 0 1095 3664; x_wconf 95' lang='lat' dir='ltr'> </span> 
     </span>
    </p>
   </div>
  </div>
 </body>
</html>
