<?xml version="1.0" encoding="UTF-8"?>
<!DOCTYPE html PUBLIC "-//W3C//DTD XHTML 1.0 Transitional//EN"
    "http://www.w3.org/TR/xhtml1/DTD/xhtml1-transitional.dtd">
<html xmlns="http://www.w3.org/1999/xhtml" xml:lang="en" lang="en">
 <head>
  <title>
</title>
<meta http-equiv="Content-Type" content="text/html;charset=utf-8" />
  <meta name='ocr-system' content='tesseract 3.04.00' />
  <meta name='ocr-capabilities' content='ocr_page ocr_carea ocr_par ocr_line ocrx_word'/>
</head>
<body>
  <div class='ocr_page' id='page_1' title='image "./eutropiisextaur00victgoog_0331.png"; bbox 0 0 2110 3666; ppageno 0'>
   <div class='ocr_carea' id='block_1_1' title="bbox 204 273 756 364">
    <p class='ocr_par' dir='ltr' id='par_1_1' title="bbox 204 273 756 364">
     <span class='ocr_line' id='line_1_1' title="bbox 204 273 756 364; baseline -0.011 -20"><span class='ocrx_word' id='word_1_1' title='bbox 204 283 271 364; x_wconf 80' lang='lat'><strong>326</strong></span> <span class='ocrx_word' id='word_1_2' title='bbox 319 273 756 344; x_wconf 72' lang='lat' dir='ltr'><strong>AumVrcronrs</strong></span> 
     </span>
    </p>
   </div>
   <div class='ocr_carea' id='block_1_2' title="bbox 201 389 890 1444">
    <p class='ocr_par' dir='ltr' id='par_1_2' title="bbox 201 389 885 616">
     <span class='ocr_line' id='line_1_2' title="bbox 241 389 885 470; baseline -0.005 -16"><span class='ocrx_word' id='word_1_3' title='bbox 241 395 317 454; x_wconf 83' lang='lat' dir='ltr'>Huic</span> <span class='ocrx_word' id='word_1_4' title='bbox 338 394 466 454; x_wconf 87' lang='lat' dir='ltr'><strong>successit</strong></span> <span class='ocrx_word' id='word_1_5' title='bbox 482 391 568 452; x_wconf 84' lang='lat' dir='ltr'><strong>frater</strong></span> <span class='ocrx_word' id='word_1_6' title='bbox 587 396 644 470; x_wconf 83' lang='lat' dir='ltr'><strong>ejus</strong></span> <span class='ocrx_word' id='word_1_7' title='bbox 665 389 831 468; x_wconf 80' lang='lat' dir='ltr'><strong>Quintilius.</strong></span> <span class='ocrx_word' id='word_1_8' title='bbox 853 390 885 451; x_wconf 83' lang='lat' dir='ltr'><strong>Is</strong></span> 
     </span>
     <span class='ocr_line' id='line_1_3' title="bbox 201 473 883 558; baseline -0.006 -24"><span class='ocrx_word' id='word_1_9' title='bbox 201 478 295 558; x_wconf 87' lang='lat' dir='ltr'><strong>paucis</strong></span> <span class='ocrx_word' id='word_1_10' title='bbox 314 473 411 534; x_wconf 87' lang='lat' dir='ltr'><strong>diebus</strong></span> <span class='ocrx_word' id='word_1_11' title='bbox 434 474 587 556; x_wconf 82' lang='lat' dir='ltr'><strong>Imperium</strong></span> <span class='ocrx_word' id='word_1_12' title='bbox 608 491 703 532; x_wconf 87' lang='lat' dir='ltr'><strong>tenens</strong></span> <span class='ocrx_word' id='word_1_13' title='bbox 727 473 883 552; x_wconf 88' lang='lat' dir='ltr'><strong>interemp-</strong></span> 
     </span>
     <span class='ocr_line' id='line_1_4' title="bbox 202 553 310 616; baseline -0.028 0"><span class='ocrx_word' id='word_1_14' title='bbox 202 575 245 616; x_wconf 91' lang='lat' dir='ltr'><strong>tus</strong></span> <span class='ocrx_word' id='word_1_15' title='bbox 264 553 310 614; x_wconf 91' lang='lat' dir='ltr'><strong>est.</strong></span> 
     </span>
    </p>

    <p class='ocr_par' dir='ltr' id='par_1_3' title="bbox 202 634 887 960">
     <span class='ocr_line' id='line_1_5' title="bbox 242 634 885 718; baseline -0.008 -22"><span class='ocrx_word' id='word_1_16' title='bbox 242 635 383 696; x_wconf 88' lang='lat' dir='ltr'><strong>XXXV.</strong></span> <span class='ocrx_word' id='word_1_17' title='bbox 406 634 570 696; x_wconf 84' lang='lat' dir='ltr'><strong>Aurelianus</strong></span> <span class='ocrx_word' id='word_1_18' title='bbox 591 635 702 718; x_wconf 80' lang='lat' dir='ltr'><strong>genitus</strong></span> <span class='ocrx_word' id='word_1_19' title='bbox 723 652 798 714; x_wconf 92' lang='lat' dir='ltr'><strong>patre</strong></span> <span class='ocrx_word' id='word_1_20' title='bbox 817 653 885 693; x_wconf 87' lang='lat' dir='ltr'><strong>me·</strong></span> 
     </span>
     <span class='ocr_line' id='line_1_6' title="bbox 203 715 886 796; baseline -0.003 -20"><span class='ocrx_word' id='word_1_21' title='bbox 203 716 320 788; x_wconf 81' lang='lat' dir='ltr'><strong>diecti,</strong></span> <span class='ocrx_word' id='word_1_22' title='bbox 346 726 396 787; x_wconf 89' lang='lat'><strong>&amp;,</strong></span> <span class='ocrx_word' id='word_1_23' title='bbox 421 736 451 776; x_wconf 91' lang='lat' dir='ltr'><strong>ut</strong></span> <span class='ocrx_word' id='word_1_24' title='bbox 481 715 599 796; x_wconf 88' lang='lat' dir='ltr'><strong>quidam</strong></span> <span class='ocrx_word' id='word_1_25' title='bbox 630 715 746 785; x_wconf 85' lang='lat' dir='ltr'><strong>ferunt,</strong></span> <span class='ocrx_word' id='word_1_26' title='bbox 775 715 886 774; x_wconf 82' lang='lat' dir='ltr'><strong>Aurelii</strong></span> 
     </span>
     <span class='ocr_line' id='line_1_7' title="bbox 202 796 887 860; baseline -0.003 -4"><span class='ocrx_word' id='word_1_27' title='bbox 202 799 350 858; x_wconf 81' lang='lat' dir='ltr'><strong>clarissimi</strong></span> <span class='ocrx_word' id='word_1_28' title='bbox 374 798 515 860; x_wconf 89' lang='lat' dir='ltr'><strong>Senatoris</strong></span> <span class='ocrx_word' id='word_1_29' title='bbox 538 798 641 858; x_wconf 90' lang='lat' dir='ltr'><strong>colono</strong></span> <span class='ocrx_word' id='word_1_30' title='bbox 668 799 738 856; x_wconf 88' lang='lat' dir='ltr'><strong>inter</strong></span> <span class='ocrx_word' id='word_1_31' title='bbox 761 796 887 857; x_wconf 82' lang='lat' dir='ltr'><strong>Daciam</strong></span> 
     </span>
     <span class='ocr_line' id='line_1_8' title="bbox 205 878 885 960; baseline -0.006 -20"><span class='ocrx_word' id='word_1_32' title='bbox 205 888 232 940; x_wconf 89' lang='lat'>&amp;</span> <span class='ocrx_word' id='word_1_33' title='bbox 256 878 488 950; x_wconf 88' lang='lat' dir='ltr'><strong>Macedoniam,</strong></span> <span class='ocrx_word' id='word_1_34' title='bbox 515 880 665 960; x_wconf 85' lang='lat' dir='ltr'><strong>imperavit</strong></span> <span class='ocrx_word' id='word_1_35' title='bbox 690 880 772 948; x_wconf 77' lang='lat' dir='ltr'><strong>annis</strong></span> <span class='ocrx_word' id='word_1_36' title='bbox 794 879 885 958; x_wconf 89' lang='lat' dir='ltr'><strong>quin-</strong></span> 
     </span>
    </p>

    <p class='ocr_par' dir='ltr' id='par_1_4' title="bbox 229 957 889 1032">
     <span class='ocr_line' id='line_1_9' title="bbox 229 957 889 1032; baseline 0 -13"><span class='ocrx_word' id='word_1_37' title='bbox 229 981 283 1032; x_wconf 89' lang='lat' dir='ltr'><strong>ue,</strong></span> <span class='ocrx_word' id='word_1_38' title='bbox 307 961 449 1020; x_wconf 88' lang='lat' dir='ltr'><strong>mensibus</strong></span> <span class='ocrx_word' id='word_1_39' title='bbox 479 957 534 1020; x_wconf 83' lang='lat' dir='ltr'><strong>sex.</strong></span> <span class='ocrx_word' id='word_1_40' title='bbox 562 957 615 1020; x_wconf 86' lang='lat' dir='ltr'><strong>lste</strong></span> <span class='ocrx_word' id='word_1_41' title='bbox 644 957 720 1018; x_wconf 89' lang='lat' dir='ltr'><strong>haud</strong></span> <span class='ocrx_word' id='word_1_42' title='bbox 742 958 889 1019; x_wconf 84' lang='lat' dir='ltr'><strong>dissimilis</strong></span> 
     </span>
    </p>

    <p class='ocr_par' dir='ltr' id='par_1_5' title="bbox 206 1037 890 1444">
     <span class='ocr_line' id='line_1_10' title="bbox 241 1037 885 1134; baseline -0.003 -34"><span class='ocrx_word' id='word_1_43' title='bbox 241 1043 260 1100; x_wconf 86' lang='lat' dir='ltr'><strong>&#39;t</strong></span> <span class='ocrx_word' id='word_1_44' title='bbox 280 1042 392 1134; x_wconf 77' lang='lat' dir='ltr'><strong>Magno</strong></span> <span class='ocrx_word' id='word_1_45' title='bbox 413 1041 598 1112; x_wconf 81' lang='lat' dir='ltr'><strong>Alexandro,</strong></span> <span class='ocrx_word' id='word_1_46' title='bbox 619 1039 666 1100; x_wconf 88' lang='lat' dir='ltr'><strong>seu</strong></span> <span class='ocrx_word' id='word_1_47' title='bbox 690 1037 797 1101; x_wconf 78' lang='lat' dir='ltr'><strong>Caesari</strong></span> <span class='ocrx_word' id='word_1_48' title='bbox 818 1039 885 1099; x_wconf 88' lang='lat' dir='ltr'><strong>dic-</strong></span> 
     </span>
     <span class='ocr_line' id='line_1_11' title="bbox 206 1121 887 1182; baseline -0.003 0"><span class='ocrx_word' id='word_1_49' title='bbox 206 1125 299 1182; x_wconf 86' lang='lat' dir='ltr'><strong>tatori.</strong></span> <span class='ocrx_word' id='word_1_50' title='bbox 315 1123 394 1182; x_wconf 82' lang='lat' dir='ltr'><strong>Nam</strong></span> <span class='ocrx_word' id='word_1_51' title='bbox 414 1122 577 1182; x_wconf 88' lang='lat' dir='ltr'><strong>Romanum</strong></span> <span class='ocrx_word' id='word_1_52' title='bbox 595 1123 693 1182; x_wconf 89' lang='lat' dir='ltr'><strong>orbem</strong></span> <span class='ocrx_word' id='word_1_53' title='bbox 713 1122 834 1180; x_wconf 88' lang='lat' dir='ltr'><strong>triennio</strong></span> <span class='ocrx_word' id='word_1_54' title='bbox 848 1121 887 1180; x_wconf 92' lang='lat' dir='ltr'><strong>ab</strong></span> 
     </span>
     <span class='ocr_line' id='line_1_12' title="bbox 207 1200 890 1283; baseline 0 -21"><span class='ocrx_word' id='word_1_55' title='bbox 207 1201 381 1263; x_wconf 87' lang='lat' dir='ltr'><strong>invasoribus</strong></span> <span class='ocrx_word' id='word_1_56' title='bbox 398 1206 568 1283; x_wconf 86' lang='lat' dir='ltr'><strong>receptavit,</strong></span> <span class='ocrx_word' id='word_1_57' title='bbox 588 1200 651 1262; x_wconf 80' lang='lat' dir='ltr'><strong>crim</strong></span> <span class='ocrx_word' id='word_1_58' title='bbox 666 1201 826 1262; x_wconf 85' lang='lat' dir='ltr'><strong>Alexander</strong></span> <span class='ocrx_word' id='word_1_59' title='bbox 836 1224 890 1262; x_wconf 60' lang='lat' dir='ltr'><strong>,an-</strong></span> 
     </span>
     <span class='ocr_line' id='line_1_13' title="bbox 206 1283 888 1364; baseline -0.001 -22"><span class='ocrx_word' id='word_1_60' title='bbox 206 1285 250 1343; x_wconf 89' lang='lat' dir='ltr'><strong>nis</strong></span> <span class='ocrx_word' id='word_1_61' title='bbox 267 1283 400 1343; x_wconf 87' lang='lat' dir='ltr'><strong>tredecim</strong></span> <span class='ocrx_word' id='word_1_62' title='bbox 420 1304 468 1364; x_wconf 85' lang='lat' dir='ltr'><strong>pet</strong></span> <span class='ocrx_word' id='word_1_63' title='bbox 486 1287 618 1344; x_wconf 74' lang='lat' dir='ltr'><strong>victorias</strong></span> <span class='ocrx_word' id='word_1_64' title='bbox 639 1287 668 1343; x_wconf 93' lang='lat' dir='ltr'><strong>in</strong></span> <span class='ocrx_word' id='word_1_65' title='bbox 690 1301 765 1343; x_wconf 83' lang='lat' dir='ltr'><strong>entes</strong></span> <span class='ocrx_word' id='word_1_66' title='bbox 783 1283 820 1342; x_wconf 81' lang='lat' dir='ltr'><strong>ad</strong></span> <span class='ocrx_word' id='word_1_67' title='bbox 839 1283 888 1342; x_wconf 90' lang='lat' dir='ltr'><strong>ln-</strong></span> 
     </span>
     <span class='ocr_line' id='line_1_14' title="bbox 207 1305 890 1444; baseline -0.001 -21"><span class='ocrx_word' id='word_1_68' title='bbox 207 1364 285 1423; x_wconf 83' lang='lat' dir='ltr'><strong>diam</strong></span> <span class='ocrx_word' id='word_1_69' title='bbox 309 1367 482 1444; x_wconf 86' lang='lat' dir='ltr'><strong>pervenerit,</strong></span> <span class='ocrx_word' id='word_1_70' title='bbox 504 1375 531 1426; x_wconf 91' lang='lat'>&amp;</span> <span class='ocrx_word' id='word_1_71' title='bbox 553 1365 643 1426; x_wconf 84' lang='lat' dir='ltr'><strong>Ca&#39;r‘us</strong></span> <span class='ocrx_word' id='word_1_72' title='bbox 665 1305 761 1426; x_wconf 52' lang='lat' dir='ltr'><strong>{asar</strong></span> <span class='ocrx_word' id='word_1_73' title='bbox 785 1364 890 1424; x_wconf 87' lang='lat' dir='ltr'><strong>decen·</strong></span> 
     </span>
    </p>
   </div>
   <div class='ocr_carea' id='block_1_3' title="bbox 208 1443 889 1852">
    <p class='ocr_par' dir='ltr' id='par_1_6' title="bbox 208 1443 889 1852">
     <span class='ocr_line' id='line_1_15' title="bbox 208 1443 889 1528; baseline -0.001 -24"><span class='ocrx_word' id='word_1_74' title='bbox 208 1447 257 1518; x_wconf 71' lang='lat' dir='ltr'><strong>nio</strong></span> <span class='ocrx_word' id='word_1_75' title='bbox 270 1443 409 1528; x_wconf 87' lang='lat' dir='ltr'><strong>subegerit</strong></span> <span class='ocrx_word' id='word_1_76' title='bbox 424 1445 546 1518; x_wconf 79' lang='lat' dir='ltr'><strong>Gallos,</strong></span> <span class='ocrx_word' id='word_1_77' title='bbox 568 1444 716 1506; x_wconf 73' lang='lat' dir='ltr'><strong>adversim</strong></span> <span class='ocrx_word' id='word_1_78' title='bbox 728 1447 802 1506; x_wconf 86' lang='lat' dir='ltr'><strong>cives</strong></span> <span class='ocrx_word' id='word_1_79' title='bbox 815 1467 889 1526; x_wconf 88' lang='lat' dir='ltr'><strong>qua-</strong></span> 
     </span>
     <span class='ocr_line' id='line_1_16' title="bbox 209 1524 889 1609; baseline -0.003 -22"><span class='ocrx_word' id='word_1_80' title='bbox 209 1526 336 1587; x_wconf 83' lang='lat' dir='ltr'><strong>driennio</strong></span> <span class='ocrx_word' id='word_1_81' title='bbox 364 1525 529 1609; x_wconf 77' lang='lat' dir='ltr'><strong>congrelius.</strong></span> <span class='ocrx_word' id='word_1_82' title='bbox 559 1526 612 1586; x_wconf 87' lang='lat' dir='ltr'><strong>Iste</strong></span> <span class='ocrx_word' id='word_1_83' title='bbox 638 1529 668 1587; x_wconf 86' lang='lat' dir='ltr'><strong>in</strong></span> <span class='ocrx_word' id='word_1_84' title='bbox 695 1524 778 1587; x_wconf 70' lang='lat' dir='ltr'><strong>Italil</strong></span> <span class='ocrx_word' id='word_1_85' title='bbox 801 1527 889 1586; x_wconf 90' lang='lat' dir='ltr'><strong>tribus</strong></span> 
     </span>
     <span class='ocr_line' id='line_1_17' title="bbox 208 1608 888 1690; baseline -0.001 -23"><span class='ocrx_word' id='word_1_86' title='bbox 208 1609 308 1690; x_wconf 79' lang='lat' dir='ltr'><strong>praeliis</strong></span> <span class='ocrx_word' id='word_1_87' title='bbox 326 1611 415 1669; x_wconf 70' lang='lat' dir='ltr'><strong>vicior</strong></span> <span class='ocrx_word' id='word_1_88' title='bbox 429 1608 501 1680; x_wconf 81' lang='lat' dir='ltr'><strong>fuit,</strong></span> <span class='ocrx_word' id='word_1_89' title='bbox 518 1609 591 1690; x_wconf 87' lang='lat' dir='ltr'><strong>apud</strong></span> <span class='ocrx_word' id='word_1_90' title='bbox 606 1609 797 1680; x_wconf 83' lang='lat' dir='ltr'><strong>Placentiam,</strong></span> <span class='ocrx_word' id='word_1_91' title='bbox 811 1612 888 1687; x_wconf 84' lang='lat' dir='ltr'><strong>juxta</strong></span> 
     </span>
     <span class='ocr_line' id='line_1_18' title="bbox 210 1690 888 1758; baseline -0.004 -8"><span class='ocrx_word' id='word_1_92' title='bbox 210 1711 325 1750; x_wconf 87' lang='lat' dir='ltr'><strong>amnem</strong></span> <span class='ocrx_word' id='word_1_93' title='bbox 353 1690 515 1750; x_wconf 87' lang='lat' dir='ltr'><strong>Metaurum</strong></span> <span class='ocrx_word' id='word_1_94' title='bbox 543 1713 574 1752; x_wconf 86' lang='lat' dir='ltr'><strong>ac</strong></span> <span class='ocrx_word' id='word_1_95' title='bbox 602 1690 700 1752; x_wconf 86' lang='lat' dir='ltr'><strong>fanum</strong></span> <span class='ocrx_word' id='word_1_96' title='bbox 732 1691 862 1748; x_wconf 83' lang='lat' dir='ltr'><strong>Fortunae</strong></span> <span class='ocrx_word' id='word_1_97' title='bbox 876 1734 888 1758; x_wconf 89' lang='lat'><em>,</em></span> 
     </span>
     <span class='ocr_line' id='line_1_19' title="bbox 210 1768 889 1852; baseline -0.003 -22"><span class='ocrx_word' id='word_1_98' title='bbox 210 1768 350 1852; x_wconf 79' lang='lat' dir='ltr'><strong>postremi&gt;</strong></span> <span class='ocrx_word' id='word_1_99' title='bbox 365 1770 563 1834; x_wconf 86' lang='lat' dir='ltr'><strong>Titinensibus</strong></span> <span class='ocrx_word' id='word_1_100' title='bbox 580 1774 696 1852; x_wconf 87' lang='lat' dir='ltr'><strong>campis.</strong></span> <span class='ocrx_word' id='word_1_101' title='bbox 711 1771 802 1848; x_wconf 83' lang='lat' dir='ltr'><strong>Hujus</strong></span> <span class='ocrx_word' id='word_1_102' title='bbox 816 1787 889 1829; x_wconf 86' lang='lat' dir='ltr'><strong>tem-</strong></span> 
     </span>
    </p>
   </div>
   <div class='ocr_carea' id='block_1_4' title="bbox 211 1851 902 2908">
    <p class='ocr_par' dir='ltr' id='par_1_7' title="bbox 211 1851 902 2908">
     <span class='ocr_line' id='line_1_20' title="bbox 211 1851 889 1934; baseline 0 -24"><span class='ocrx_word' id='word_1_103' title='bbox 211 1871 277 1933; x_wconf 91' lang='lat' dir='ltr'><strong>pore</strong></span> <span class='ocrx_word' id='word_1_104' title='bbox 299 1851 372 1930; x_wconf 83' lang='lat' dir='ltr'><strong>apud</strong></span> <span class='ocrx_word' id='word_1_105' title='bbox 394 1853 543 1912; x_wconf 82' lang='lat' dir='ltr'><strong>Dalmatas</strong></span> <span class='ocrx_word' id='word_1_106' title='bbox 567 1854 737 1934; x_wconf 84' lang='lat' dir='ltr'><strong>Septiminus</strong></span> <span class='ocrx_word' id='word_1_107' title='bbox 759 1853 889 1931; x_wconf 86' lang='lat' dir='ltr'><strong>Impera-</strong></span> 
     </span>
     <span class='ocr_line' id='line_1_21' title="bbox 211 1929 891 2002; baseline -0.004 -10"><span class='ocrx_word' id='word_1_108' title='bbox 211 1953 256 1992; x_wconf 92' lang='lat' dir='ltr'><strong>tor</strong></span> <span class='ocrx_word' id='word_1_109' title='bbox 274 1929 408 2002; x_wconf 68' lang='lat' dir='ltr'><strong>effecius,</strong></span> <span class='ocrx_word' id='word_1_110' title='bbox 431 1954 498 1992; x_wconf 85' lang='lat' dir='ltr'><strong>rnox</strong></span> <span class='ocrx_word' id='word_1_111' title='bbox 516 1931 533 1992; x_wconf 64' lang='lat' dir='ltr'><strong>*a</strong></span> <span class='ocrx_word' id='word_1_112' title='bbox 550 1931 604 1994; x_wconf 87' lang='lat' dir='ltr'><strong>suis</strong></span> <span class='ocrx_word' id='word_1_113' title='bbox 622 1933 809 1994; x_wconf 86' lang='lat' dir='ltr'><strong>obtruncatur.</strong></span> <span class='ocrx_word' id='word_1_114' title='bbox 824 1931 891 1991; x_wconf 89' lang='lat' dir='ltr'><strong>Hoc</strong></span> 
     </span>
     <span class='ocr_line' id='line_1_22' title="bbox 212 2011 893 2094; baseline -0.001 -22"><span class='ocrx_word' id='word_1_115' title='bbox 212 2033 337 2094; x_wconf 86' lang='lat' dir='ltr'><strong>tempore</strong></span> <span class='ocrx_word' id='word_1_116' title='bbox 356 2015 386 2072; x_wconf 88' lang='lat' dir='ltr'><strong>in</strong></span> <span class='ocrx_word' id='word_1_117' title='bbox 405 2014 473 2072; x_wconf 90' lang='lat' dir='ltr'><strong>urbe</strong></span> <span class='ocrx_word' id='word_1_118' title='bbox 493 2013 588 2074; x_wconf 66' lang='lat' dir='ltr'><strong>Romi</strong></span> <span class='ocrx_word' id='word_1_119' title='bbox 608 2016 757 2076; x_wconf 86' lang='lat' dir='ltr'><strong>monetarii</strong></span> <span class='ocrx_word' id='word_1_120' title='bbox 776 2011 893 2072; x_wconf 72' lang='lat' dir='ltr'><strong>rebella-</strong></span> 
     </span>
     <span class='ocr_line' id='line_1_23' title="bbox 212 2093 892 2177; baseline -0.003 -23"><span class='ocrx_word' id='word_1_121' title='bbox 212 2116 299 2166; x_wconf 89' lang='lat' dir='ltr'><strong>runt,</strong></span> <span class='ocrx_word' id='word_1_122' title='bbox 320 2116 391 2177; x_wconf 85' lang='lat' dir='ltr'><strong>quos</strong></span> <span class='ocrx_word' id='word_1_123' title='bbox 411 2096 575 2157; x_wconf 82' lang='lat' dir='ltr'><strong>Aurelianus</strong></span> <span class='ocrx_word' id='word_1_124' title='bbox 595 2099 685 2156; x_wconf 70' lang='lat' dir='ltr'><strong>riuos</strong></span> <span class='ocrx_word' id='word_1_125' title='bbox 705 2093 804 2156; x_wconf 67' lang='lat' dir='ltr'><strong>ultimi</strong></span> <span class='ocrx_word' id='word_1_126' title='bbox 822 2115 892 2167; x_wconf 77' lang='lat' dir='ltr'><strong>cru-</strong></span> 
     </span>
     <span class='ocr_line' id='line_1_24' title="bbox 214 2174 893 2258; baseline -0.003 -22"><span class='ocrx_word' id='word_1_127' title='bbox 214 2177 327 2236; x_wconf 86' lang='lat' dir='ltr'><strong>delitate</strong></span> <span class='ocrx_word' id='word_1_128' title='bbox 346 2174 526 2256; x_wconf 87' lang='lat' dir='ltr'><strong>compescuit.</strong></span> <span class='ocrx_word' id='word_1_129' title='bbox 546 2176 600 2238; x_wconf 83' lang='lat' dir='ltr'><strong>Iste</strong></span> <span class='ocrx_word' id='word_1_130' title='bbox 621 2179 726 2258; x_wconf 85' lang='lat' dir='ltr'><strong>primus</strong></span> <span class='ocrx_word' id='word_1_131' title='bbox 743 2175 816 2256; x_wconf 85' lang='lat' dir='ltr'><strong>apud</strong></span> <span class='ocrx_word' id='word_1_132' title='bbox 830 2175 893 2234; x_wconf 82' lang='lat' dir='ltr'><strong>Ro·</strong></span> 
     </span>
     <span class='ocr_line' id='line_1_25' title="bbox 214 2254 895 2342; baseline -0.001 -26"><span class='ocrx_word' id='word_1_133' title='bbox 214 2279 315 2318; x_wconf 88' lang='lat' dir='ltr'><strong>manos</strong></span> <span class='ocrx_word' id='word_1_134' title='bbox 339 2257 470 2318; x_wconf 87' lang='lat' dir='ltr'><strong>diadema</strong></span> <span class='ocrx_word' id='word_1_135' title='bbox 491 2262 577 2338; x_wconf 89' lang='lat' dir='ltr'><strong>capiti</strong></span> <span class='ocrx_word' id='word_1_136' title='bbox 593 2261 738 2330; x_wconf 74' lang='lat' dir='ltr'><strong>irruemus,</strong></span> <span class='ocrx_word' id='word_1_137' title='bbox 757 2254 895 2342; x_wconf 79' lang='lat' dir='ltr'><strong>gemmis-</strong></span> 
     </span>
     <span class='ocr_line' id='line_1_26' title="bbox 236 2336 894 2421; baseline 0.002 -24"><span class='ocrx_word' id='word_1_138' title='bbox 236 2360 293 2408; x_wconf 89' lang='lat' dir='ltr'><strong>ue,</strong></span> <span class='ocrx_word' id='word_1_139' title='bbox 312 2348 340 2398; x_wconf 91' lang='lat'>&amp;</span> <span class='ocrx_word' id='word_1_140' title='bbox 363 2337 459 2399; x_wconf 66' lang='lat' dir='ltr'><strong>aurati</strong></span> <span class='ocrx_word' id='word_1_141' title='bbox 476 2343 558 2400; x_wconf 87' lang='lat' dir='ltr'><strong>omni</strong></span> <span class='ocrx_word' id='word_1_142' title='bbox 576 2339 652 2402; x_wconf 80' lang='lat' dir='ltr'><strong>velie</strong></span> <span class='ocrx_word' id='word_1_143' title='bbox 662 2387 672 2413; x_wconf 91' lang='lat'>,</span> <span class='ocrx_word' id='word_1_144' title='bbox 697 2337 776 2421; x_wconf 82' lang='lat' dir='ltr'><strong>quoti</strong></span> <span class='ocrx_word' id='word_1_145' title='bbox 800 2336 894 2399; x_wconf 87' lang='lat' dir='ltr'><strong>adhuc</strong></span> 
     </span>
     <span class='ocr_line' id='line_1_27' title="bbox 215 2361 892 2483; baseline -0.003 -4"><span class='ocrx_word' id='word_1_146' title='bbox 215 2361 274 2480; x_wconf 67' lang='lat' dir='ltr'><strong>lere</strong></span> <span class='ocrx_word' id='word_1_147' title='bbox 297 2422 362 2478; x_wconf 83' lang='lat' dir='ltr'><strong>inco</strong></span> <span class='ocrx_word' id='word_1_148' title='bbox 384 2424 475 2480; x_wconf 86' lang='lat' dir='ltr'><strong>uirum</strong></span> <span class='ocrx_word' id='word_1_149' title='bbox 500 2422 639 2483; x_wconf 80' lang='lat' dir='ltr'><strong>Romanis</strong></span> <span class='ocrx_word' id='word_1_150' title='bbox 665 2422 791 2482; x_wconf 86' lang='lat' dir='ltr'><strong>moribus</strong></span> <span class='ocrx_word' id='word_1_151' title='bbox 813 2418 892 2479; x_wconf 84' lang='lat' dir='ltr'><strong>vise-</strong></span> 
     </span>
     <span class='ocr_line' id='line_1_28' title="bbox 217 2441 902 2570; baseline -0.001 -10"><span class='ocrx_word' id='word_1_152' title='bbox 217 2501 320 2570; x_wconf 86' lang='lat' dir='ltr'><strong>batur,</strong></span> <span class='ocrx_word' id='word_1_153' title='bbox 337 2441 401 2560; x_wconf 54' lang='lat' dir='ltr'><strong>uer</strong></span> <span class='ocrx_word' id='word_1_154' title='bbox 419 2500 466 2561; x_wconf 89' lang='lat' dir='ltr'><strong>est.</strong></span> <span class='ocrx_word' id='word_1_155' title='bbox 486 2503 544 2562; x_wconf 86' lang='lat' dir='ltr'><strong>Hic</strong></span> <span class='ocrx_word' id='word_1_156' title='bbox 565 2507 651 2564; x_wconf 89' lang='lat' dir='ltr'><strong>muris</strong></span> <span class='ocrx_word' id='word_1_157' title='bbox 666 2503 849 2565; x_wconf 86' lang='lat' dir='ltr'><strong>validioribus</strong></span> <span class='ocrx_word' id='word_1_158' title='bbox 867 2505 902 2560; x_wconf 71' lang='grc' dir='ltr'><strong>δε·</strong></span> 
     </span>
     <span class='ocr_line' id='line_1_29' title="bbox 218 2581 896 2666; baseline -0.003 -24"><span class='ocrx_word' id='word_1_159' title='bbox 218 2581 369 2642; x_wconf 84' lang='lat' dir='ltr'><strong>laxioribus</strong></span> <span class='ocrx_word' id='word_1_160' title='bbox 399 2582 509 2645; x_wconf 87' lang='lat' dir='ltr'><strong>Urbem</strong></span> <span class='ocrx_word' id='word_1_161' title='bbox 537 2583 629 2666; x_wconf 83' lang='lat' dir='ltr'><strong>sepsit.</strong></span> <span class='ocrx_word' id='word_1_162' title='bbox 656 2585 782 2644; x_wconf 79' lang='lat' dir='ltr'><strong>Porcina</strong></span> <span class='ocrx_word' id='word_1_163' title='bbox 807 2583 896 2641; x_wconf 87' lang='lat' dir='ltr'><strong>carnis</strong></span> 
     </span>
     <span class='ocr_line' id='line_1_30' title="bbox 218 2661 896 2744; baseline -0.003 -22"><span class='ocrx_word' id='word_1_164' title='bbox 218 2661 299 2724; x_wconf 84' lang='lat' dir='ltr'><strong>usum</strong></span> <span class='ocrx_word' id='word_1_165' title='bbox 317 2665 422 2744; x_wconf 92' lang='lat' dir='ltr'><strong>populo</strong></span> <span class='ocrx_word' id='word_1_166' title='bbox 444 2663 569 2725; x_wconf 71' lang='lat' dir='ltr'><strong>instituit.</strong></span> <span class='ocrx_word' id='word_1_167' title='bbox 589 2667 646 2726; x_wconf 89' lang='lat' dir='ltr'><strong>Hic</strong></span> <span class='ocrx_word' id='word_1_168' title='bbox 660 2665 827 2733; x_wconf 90' lang='lat' dir='ltr'><strong>Tetricum,</strong></span> <span class='ocrx_word' id='word_1_169' title='bbox 846 2664 896 2740; x_wconf 92' lang='lat' dir='ltr'><strong>qui</strong></span> 
     </span>
     <span class='ocr_line' id='line_1_31' title="bbox 219 2740 896 2824; baseline 0 -22"><span class='ocrx_word' id='word_1_170' title='bbox 219 2743 374 2824; x_wconf 88' lang='lat' dir='ltr'><strong>Imperator</strong></span> <span class='ocrx_word' id='word_1_171' title='bbox 396 2747 434 2806; x_wconf 88' lang='lat' dir='ltr'><strong>ab</strong></span> <span class='ocrx_word' id='word_1_172' title='bbox 456 2747 628 2805; x_wconf 86' lang='lat' dir='ltr'><strong>exercituin</strong></span> <span class='ocrx_word' id='word_1_173' title='bbox 656 2746 758 2806; x_wconf 88' lang='lat' dir='ltr'><strong>Galliis</strong></span> <span class='ocrx_word' id='word_1_174' title='bbox 784 2740 896 2803; x_wconf 81' lang='lat' dir='ltr'><strong>effectus</strong></span> 
     </span>
     <span class='ocr_line' id='line_1_32' title="bbox 220 2823 897 2908; baseline -0.003 -22"><span class='ocrx_word' id='word_1_175' title='bbox 220 2823 341 2898; x_wconf 83' lang='lat' dir='ltr'><strong>fuerat,</strong></span> <span class='ocrx_word' id='word_1_176' title='bbox 368 2830 553 2888; x_wconf 77' lang='lat' dir='ltr'><strong>correctorem</strong></span> <span class='ocrx_word' id='word_1_177' title='bbox 580 2828 711 2888; x_wconf 76' lang='lat' dir='ltr'><strong>Lucania</strong></span> <span class='ocrx_word' id='word_1_178' title='bbox 737 2825 897 2908; x_wconf 80' lang='lat' dir='ltr'><strong>provexit,</strong></span> 
     </span>
    </p>
   </div>
   <div class='ocr_carea' id='block_1_5' title="bbox 0 0 1087 3666">
    <p class='ocr_par' dir='ltr' id='par_1_8' title="bbox 0 0 1087 3666">
     <span class='ocr_line' id='line_1_33' title="bbox 0 0 1087 3666; baseline 0 0"><span class='ocrx_word' id='word_1_179' title='bbox 0 0 1087 3666; x_wconf 95' lang='lat' dir='ltr'><strong> </strong></span> 
     </span>
    </p>
   </div>
  </div>
 </body>
</html>
