2110 3666
282 323 667 398 BurvrAurrrrr.
744 349 807 418 373

131 461 176 520 ces
196 438 283 514 suos,
303 441 401 524 septies
417 466 427 516 3
452 443 510 526 ipse
528 441 644 525 praesens
661 446 702 508 bis
720 445 812 508 adfuit
870 497 872 500 .

129 525 240 586 veris&
255 525 386 608 g'ravibus
421 529 513 608 ugnis.
531 525 685 604 [ssVertim
702 527 752 588 Sin
774 549 809 588 a·

129 624 196 665 rena
210 649 220 676 ,
238 602 370 686 praesente
383 547 575 678 (ionstanti03
595 616 622 668 &
637 604 738 668 iterdm
750 549 813 668 sin-

152 705 260 758 arena,
280 683 521 748 Constantiniensi
544 703 681 769 quoque,
703 696 730 748 &
746 707 811 750 cum

130 707 238 828 {mida
253 785 334 846 capta
352 765 399 826 est.
420 769 432 845 ]
456 768 552 829 Grave
570 765 672 828 subeo
689 770 812 849 principe
873 787 875 791 ·

109 867 111 870 ’
130 845 301 926 Respublica
315 848 415 908 vulnus
432 849 548 928 accepit.
565 847 623 908 Ter
635 868 728 908 autem
746 847 812 912 esti

130 926 221 988 Persis
238 925 345 988 obsessa
360 929 471 990 Nisibis
491 951 498 986 τ
516 926 562 988 sed
577 934 683 1008 majore
699 927 741 988 sui
762 929 813 990 de·

129 1011 288 1080 trimento„
311 1008 379 1070 dum
399 1009 562 1078 obsideret,
583 1007 674 1069 hostis·
686 1007 812 1072 adfertur

131 1088 180 1150 est.
211 1087 345 1168 Narsensi
373 1109 467 1150 autem
495 1090 595 1160 bello,
620 1091 669 1150 ubi
689 1087 813 1152 Narseus

131 1169 259 1242 occidit,
283 1168 434 1250 superiores
456 1167 641 1231 discessimus.
665 1169 813 1234 Noetumd

131 1249 199 1313 verb
213 1254 243 1312 in
264 1273 334 1334 agro
351 1252 475 1312 Eleiensi
514 1272 580 1330 rope
594 1251 745 1332 Singaram
758 1271 812 1331 pu-

132 1331 212 1420 gni,
226 1331 276 1392 ubi
290 1329 405 1411 praesens
419 1273 601 1392 Consantius
615 1329 709 1394 adsuit
718 1378 730 1402 ,
749 1353 813 1394 om·

62 1439 67 1447 ·
132 1415 211 1474 nium
247 1412 457 1493 expeditionum
495 1409 689 1492 compensatus
719 1407 811 1476 fuisses
856 1469 862 1478 ,

132 1514 269 1565 eventus,
292 1495 316 1552 si
335 1493 405 1552 Iocis
426 1514 458 1552 ac
476 1495 559 1554 nodie
579 1490 812 1567 adversantibus,

131 1577 252 1658 percitos
275 1572 381 1634 serocii
401 1574 532 1651 milites,
556 1573 593 1633 ab
615 1571 812 1654 intempestivo

52 1703 54 1708 .
131 1655 278 1739 pugnandi
301 1675 448 1736 tempore,
473 1653 627 1793 Inpperator
646 1651 704 1734 ipse
723 1653 810 1713 adio-

131 1737 246 1820 quendo
267 1735 498 1815 revocareporui
521 1754 571 1794 et:
612 1737 640 1793 ui
658 1753 753 1794 tamen
768 1736 811 1796 in·

92 1817 95 1823 “
131 1819 200 1879 visti
236 1818 368 1888 viribus,
394 1815 538 1896 improvisi
570 1757 699 1876 adversus
731 1817 820 1880 sitim.

131 1921 268 1982 aquarum
293 1895 445 1968 subsidiis,
470 1895 729 1975 incumbente'jam
751 1894 811 1958 ves-

132 2001 195 2061 pere
207 2025 218 2052 ,
234 1977 320 2039 castra
330 1977 475 2038 Persarum
488 1975 630 2061 adgressi,
650 1979 736 2057 ruptis
750 1999 812 2038 mu·

131 2061 288 2122 nirionibus
313 2061 513 2139 occupairunt3
541 2057 695 2140 fugatoque
719 2077 808 2139 rege,
866 2069 880 2135 ¹J

131 2140 197 2202 crim
213 2139 232 2200 ir
250 2140 344 2220 prelio
364 2137 547 2217 respirantes,
567 2140 706 2218 praetentis
725 2138 809 2198 Iumi-

130 2223 215 2286 nibus
234 2240 346 2302 repertae
364 2217 504 2280 inhiarent
520 2239 618 2300 aquae,
638 2218 738 2278 nimbo
759 2216 808 2279 sa·

131 2305 266 2388 gittarum
281 2299 471 2372 obruti-sunt,
493 2297 556 2359 crim
570 2299 668 2366 stolide
681 2343 692 2370 ,
714 2298 750 2359 ad
766 2298 809 2362 di·

130 2381 265 2468 rigendos
288 2379 385 2444 cerritis
410 2384 439 2442 in
463 2379 490 2442 se
510 2383 604 2451 idrus,
625 2381 733 2440 Iumina
754 2381 808 2462 ipsi

62 2535 66 2542 ,
131 2483 180 2548 per
199 2467 313 2524 nostem
329 2461 444 2526 accensa
460 2463 620 2543 preberent.

172 2543 313 2608 XXVIII.
333 2546 446 2606 Iuliano
463 2545 493 2604 in
509 2563 634 2604 externos
652 2539 744 2602 hostes
759 2561 809 2602 ex-

130 2646 215 2710 pertae
240 2625 380 2686 felicitatis
397 2626 539 2705 principi,
566 2621 695 2683 adverstis
713 2619 808 2683 Persas

131 2707 235 2768 modus
257 2705 355 2768 defuit.
375 2705 402 2766 Is
425 2707 501 2766 enIm
521 2706 629 2786 ingenti
649 2720 808 2784 apparatu,

131 2807 229 2868 utpote
242 2790 327 2850 totius
339 2787 417 2847 orbis
431 2804 581 2870 regnator,
593 2783 692 2846 infesta
705 2785 734 2843 in
744 2783 810 2842 Per·

132 2865 177 2932 sar
192 2871 274 2954 rigna
289 2867 469 2942 commosin
487 2863 648 2931 instructam
667 2882 808 2926 rornruea·
