2142 3664
275 349 339 397 nt
370 333 709 400 CAEsAnrnus
763 335 865 420 2'77,

117 514 120 520 ,
155 451 289 531 praecipue
303 452 493 510 remotissimo
506 455 626 534 cuique,
643 456 741 514 cundia
755 453 830 513 foede

157 530 331 611 diripiebant.
352 533 443 593 Simul
462 555 595 605 annona,
619 535 706 594 Urbis
726 556 758 594 ac
777 533 831 594 sti-

154 612 365 694 pendiariorum
386 613 458 673 salus
473 615 577 684 anxie,
595 613 768 696 solliciteque
783 612 832 676 lra-

153 695 213 753 bita
226 717 236 765 3
257 691 503 776 honestiorumque
517 700 671 775 proveclu‚
691 706 718 756 &
732 697 747 754 e
763 719 832 756 con·
853 747 854 751 ,

154 793 219 844 tra,
235 773 376 855 suppliciis
389 778 522 858 flagitiosi
535 775 681 857 cujusque,
698 781 832 836 virtutum

154 855 245 915 studia
276 857 457 940 augebantur.
491 859 655 917 Veterrimae
682 859 832 940 religiones

156 935 308 997 castissime
331 957 439 997 curatae.
470 939 513 998 Ac
537 941 639 997 mitum
662 941 692 997 in
714 939 832 998 modum

157 1017 238 1077 novis
257 1017 349 1078 adhuc
367 1018 502 1100 cultisque
523 1019 683 1090 moenibus,
702 1019 834 1079 Romana

120 1169 122 1174 Ι
158 1100 282 1158 culmina
300 1095 443 1160 &caeteta
463 1103 542 1160 urbes
561 1119 688 1168 ornatae,
711 1101 835 1160 maxim&
904 1143 907 1150 .

160 1177 308 1263 Carthago
321 1181 543 1251 ‚Mediolanum
559 1227 567 1251 ,
581 1179 758 1240 Nicomedia.
774 1182 835 1240 Ne·

181 1281 215 1318 uc
235 1261 408 1321 tamencum
430 1260 488 1322 haec
511 1282 646 1346 agerent,
671 1282 746 1321 extra
767 1264 835 1322 viria

159 1281 281 1402 luerunt.
310 1345 422 1424 Quippe
444 1345 593 1404 Herculius
618 1343 735 1402 libidine
758 1344 836 1402 tantd

160 1424 321 1505 agebatur,
347 1443 377 1483 ut
399 1446 434 1483 ne
455 1425 491 1483 ab
515 1424 645 1484 obsidum
672 1426 835 1504 corporibus

159 1505 274 1585 quidem
294 1507 383 1564 animi
400 1506 494 1563 labem
514 1507 715 1584 comprimeret.
740 1506 833 1564 Vale-

159 1589 202 1644 rio
224 1584 322 1666 partim
344 1583 458 1644 honesta
481 1588 510 1643 in
535 1587 642 1643 amicos
663 1583 730 1642 fides
756 1605 835 1656 erat,

160 1664 361 1724 discordiarum
380 1663 446 1724 sane
463 1683 561 1735 meru,
582 1665 650 1723 dum
667 1667 839 1724 enunciatio-

160 1746 244 1806 nibus
264 1743 339 1825 polle
352 1749 452 1827 agitari
464 1747 586 1826 quietem
601 1743 732 1804 consortii
750 1765 836 1826 putat.

161 1825 240 1887 Hinc
263 1829 347 1885 etiam
372 1831 452 1907 quasi
475 1845 607 1886 truncatae
632 1829 704 1886 vires
725 1827 835 1898 Urbis,

161 1910 314 1968 imminuto
342 1908 534 1984 praetoriarum
563 1905 721 1967 cohortium
753 1929 836 1990 atque

159 1991 191 2048 in
210 1992 294 2048 armis
316 1990 394 2078 vulgi
408 2011 547 2060 numero,
568 2011 626 2070 quo
665 1990 759 2049 uidem
773 1992 836 2071 plu-

160 2091 202 2130 res
215 2072 314 2156 volupt
327 2073 365 2129 im
388 2073 475 2129 etium
488 2068 614 2150 poluill'e.
629 2013 763 2150 illamque
781 2073 837 2130 im-

123 2221 126 2229 ,
160 2153 329 2210 mittentium
355 2091 511 2221 sirutator,
538 2151 588 2208 ubi
614 2150 673 2210 fato
694 2150 836 2211 intestinas

162 2232 278 2301 clades,
302 2228 329 2290 ¹&
350 2233 430 2312 quasi
449 2230 591 2329 fragorem
613 2228 754 2310 quendam
775 2234 834 2290 im-
874 2297 876 2300 ,

160 2313 279 2394 pendere
293 2313 429 2390 comperit
441 2310 524 2371 status
537 2312 683 2382 Romani,
698 2312 836 2372 celebrato

161 2397 240 2478 regni
256 2395 392 2453 vicesimo
410 2415 508 2464 anno,
532 2393 670 2452 valentior
689 2415 783 2452 curam
800 2395 836 2454 R.

161 2475 192 2534 P.
215 2477 338 2555 abjecit,
360 2473 422 2534 crim
441 2477 471 2534 in
490 2473 655 2533 sententiam
672 2474 835 2534 Herculium

162 2557 304 2639 aegerrime
319 2553 501 2626 traduxillet,
523 2558 568 2613 cui
583 2577 658 2614 anno
674 2553 766 2614 mintis
783 2577 839 2634 po-=

162 2640 249 2696 tentia
261 2636 358 2696 fuerat.
376 2637 413 2694 Et
428 2657 601 2717 quamquam
616 2637 676 2695 aliis
693 2637 747 2700 alia
766 2636 838 2696 aesti-

161 2719 304 2778 mantibus
329 2720 387 2776 veri
409 2719 498 2798 gratia
523 2736 649 2796 corrupta
674 2719 730 2786 sit,
755 2719 837 2776 nobis

162 2819 257 2858 tamen
279 2799 425 2858 excellenti
445 2796 542 2857 natural
563 2797 670 2855 videtur
692 2797 727 2855 ad
750 2819 834 2856 com-

162 2899 277 2940 munem
290 2885 379 2942 vitam
403 2878 494 2961 spreto
511 2879 624 2937 ambitu·
638 2873 828 2940 descenditis·
