2134 3668
321 315 521 386 'LIBER
561 317 636 384 IX.
744 338 827 404 -103

150 429 275 505 Gracia,
287 434 479 504 Macedonia,
490 435 612 505 Pontus,
626 433 712 504 Asia,
725 432 833 496 vastata

89 589 92 596 1
149 535 198 596 per
215 513 337 577 Gothos.
357 517 505 576 Pannonia
527 515 543 575 i
559 517 693 582 Sarmatis
711 513 832 592 Quadis-

150 597 356 690 queapopulata
376 595 423 657 est.
443 597 582 659 Germani
603 595 691 677 usque
710 595 747 656 ad
763 595 833 657 His-

53 696 58 700 ·
150 697 247 756 pamas
260 697 472 758 penetraverunt
489 687 517 738 dt
539 679 683 738 civitatem
703 677 831 738 nobilem

149 757 343 819 Tarraconem
364 777 599 842 expugnaverunt.
622 756 745 828 Parthi,
763 759 832 818 Me·

150 837 312 920 soporamiai
334 839 494 921 occupati,
520 840 631 922 Syriam
652 839 706 900 sibi
732 859 829 922 cerpe-

150 939 215 981 runt
232 921 384 980 vindicare.

192 1001 236 1061 IX
255 999 333 1059 Tdm
356 1006 414 1080 jam
435 1000 586 1082 desperatis
605 999 708 1072 rebus,
727 1009 755 1062 &
779 999 829 1062 de-

150 1082 209 1141 leto
228 1083 298 1161 pene
314 1084 433 1162 imperio
456 1083 609 1154 Romano,
630 1079 776 1142 Postumus
800 1084 831 1144 in

149 1161 263 1234 Gallici,
278 1161 472 1224 obscurissimi
482 1183 581 1236 natus,
596 1183 746 1246 purpuram
758 1161 835 1224 sum·

150 1246 232 1324 psit:
257 1253 284 1304 &
303 1265 350 1324 per
367 1264 456 1306 annos
481 1245 578 1305 decem
600 1243 639 1304 iti
660 1247 831 1326 imperavit,

151 1343 182 1383 ut
216 1323 394 1407 consumptas
432 1327 502 1408 peni
531 1327 689 1408 provincias
719 1327 832 1409 ingenti
908 1373 912 1378 .

150 1407 252 1465 virtute
266 1416 292 1467 &
311 1407 504 1468 moderatione
520 1409 688 1488 reparaverit
703 1430 710 1464 :
725 1409 774 1488 qui
788 1404 832 1466 le*

152 1486 260 1546 ditione
274 1489 397 1548 rnilitum
416 1488 575 1549 intersedius
590 1486 645 1559 est,
665 1486 743 1570 qubd
755 1487 831 1548 Mo-

150 1571 342 1650 gontiacum,
365 1589 426 1650 quae
448 1567 575 1630 adverstls
594 1589 659 1628 eum
679 1567 833 1628 rebellave-

150 1667 216 1718 rat,
240 1649 273 1708 L.
291 1647 412 1710 AEliano
432 1671 473 1710 res
496 1671 584 1708 novas
608 1649 761 1721 moliente,
783 1649 831 1708 di-

150 1729 310 1810 ripiendam
332 1730 468 1792 militibus
488 1731 592 1790 tradere
610 1727 748 1790 noluillet.
768 1727 834 1790 Post

150 1831 218 1870 eum
249 1812 380 1884 Murius,
404 1813 554 1872 vilissimus
581 1810 699 1892 opifex,
724 1826 831 1892 purpu-

150 1913 211 1951 ram
226 1895 350 1972 accepit,
370 1903 395 1953 dt
411 1892 533 1952 secundo
546 1894 591 1952 dle
609 1891 768 1954 interfatibus
783 1891 831 1954 est.

150 1972 315 2034 Vitiotinus
338 1973 431 2054 postea
453 1977 611 2036 Galliarum
639 1978 746 2055 accepit
770 1975 832 2034 im-

150 2056 281 2136 perium,
303 2056 346 2114 vir
371 2054 573 2116 strenuissimus
596 2079 603 2112 ε
627 2053 758 2115 sederim
782 2057 832 2114 ni-

116 2139 120 2148 '
150 2137 216 2194 miae
234 2135 359 2195 libidinis
380 2134 464 2208 ellet,
484 2145 511 2196 &
531 2137 714 2194 matrimonia
742 2135 835 2196 aliena

152 2235 359 2297 corrumperet,
380 2218 543 2299 Agrippinae
561 2213 670 2274 occisus
692 2213 750 2287 est,
770 2216 833 2275 Ac-

155 2299 247 2358 tuario
268 2297 394 2378 quodam
419 2298 517 2358 dolum
542 2293 747 2371 machinante,
773 2298 833 2359 im-

151 2379 222 2460 perii
243 2377 285 2438 sui
307 2399 383 2438 anno
400 2373 531 2438 secundo.

192 2457 230 2518 X.
244 2459 320 2519 Huic
337 2458 465 2520 successit
483 2459 613 2519 Tetricus
625 2457 764 2531 Senator,
783 2461 833 2542 qui

119 2561 121 2566 ·
150 2539 338 2622 Aquitaniam
359 2539 466 2600 bonore
497 2539 600 2602 raesidis
615 2539 832 2614 administrans,

150 2621 252 2682 absens
274 2619 291 2681 ‘a
313 2623 449 2683 militibus
468 2563 625 2703 lpmperator
649 2622 751 2682 eledius
771 2620 835 2693 est,

151 2711 180 2763 ει
205 2703 280 2783 apud
297 2701 483 2787 Burdegalarn
508 2723 658 2784 purpuram
685 2701 834 2784 sumpsit:

151 2781 304 2846 seditiones
331 2785 433 2844 inultas
464 2785 588 2844 militum
624 2786 745 2866 pertulit.
779 2781 836 2843 Sed
879 2830 881 2834 .

151 2865 223 2928 duro
243 2863 303 2929 bac
319 2869 351 2930 ia
371 2864 468 2931 Gallii
490 2884 623 2950 geruntur
634 2867 697 3008 ‚Eia
717 2865 836 2929 Oriente

682 2965 712 3009 tv
