2110 3666
308 335 658 413 gerrone
751 347 814 413 3½

137 459 193 520 que
220 441 341 500 exoritur
353 463 363 512 3
386 442 564 522 primumque
593 441 668 521 apud
699 440 819 503 Cibalae

137 525 216 599 juxta
234 521 364 600 paludem
380 521 514 580 Hiulcam
531 525 666 591 nomine,
680 521 821 583 Constan-

139 603 199 660 tino
214 605 296 661 noste
313 599 398 662 eastra
415 603 520 660 Licinii
537 605 728 682 irrumpente,
745 603 822 664 Lici-

139 683 201 740 nius
221 680 319 764 fugam
338 684 438 761 petiit,
454 683 669 764 Bizanriumqne
685 681 752 766 fugi
769 707 821 744 vo·

139 761 209 822 lucri
249 764 363 822 ervenit.
385 763 430 821 Ibi
442 764 648 822 Martinianum
662 765 821 825 officiorum

139 784 305 924 magilirum
324 841 465 904 Caesarem
486 863 567 903 creat.
592 841 704 903 Dehinc
724 843 822 906 Cons-

142 925 265 983 tantinus
286 926 347 984 acie
365 926 458 1003 potior
477 925 551 1002 apud
571 922 733 1005 Bithyniam
754 926 823 988 ade-

142 1007 185 1086 git
205 1005 347 1064 Licinium
361 1003 443 1084 padri
462 1003 549 1064 salute
569 1005 763 1065 indumentum
782 1027 822 1064 re·

142 1087 223 1167 gium
244 1083 344 1144 offerre
364 1106 412 1165 per
434 1107 557 1144 uxorem.
581 1085 650 1144 Inde
673 1084 823 1145 Thessalo-

142 1167 238 1226 nicam
258 1163 389 1237 miffum,
404 1163 489 1246 pauld
507 1164 568 1246 post
585 1187 648 1225 eum
664 1167 822 1227 Martinia-

143 1267 268 1328 numque
289 1248 409 1330 jugulati
429 1246 515 1325 juber.
538 1245 595 1306 Hic
618 1247 742 1307 Licinius
767 1270 822 1308 an-

143 1348 213 1386 num
242 1327 444 1388 dominationis
468 1326 527 1386 fere
551 1325 612 1407 post
636 1329 823 1408 quartumde-

145 1410 250 1468 cimnrn
262 1454 274 1477 ,
294 1411 358 1468 vitae
378 1409 504 1489 proxime
527 1405 753 1490 sexagesimum,
777 1420 826 1468 oc·

145 1487 242 1548 cidit:
265 1492 385 1548 avaritiae
416 1488 544 1566 cupidine
574 1490 704 1548 omnium
733 1493 825 1568 pessi-

145 1590 231 1640 mus,
253 1591 344 1649 neque
363 1569 469 1628 alienus
491 1566 508 1626 ‘a
532 1569 598 1628 luxu
620 1573 757 1638 venerio‚·
775 1567 824 1629 as-

145 1671 195 1730 per
219 1647 399 1718 admoddm‚
423 1646 498 1706 haud
522 1648 702 1708 mediocriter
729 1653 825 1730 impa-

147 1733 237 1798 tiens,
257 1727 369 1788 infestus
392 1729 508 1797 litteris,
532 1749 601 1808 quas¹
618 1750 665 1807 per
686 1728 827 1791 inscitiam

146 1807 363 1881 immodicam,
392 1811 465 1870 vitus
498 1829 530 1866 ac
556 1805 658 1888 pestem
684 1811 827 1889 publicam

147 1889 334 1961 nominabat,
347 1889 484 2030 praecipue
498 1887 638 1950 forensem
650 1889 825 1955 industriam.

146 1970 304 2054 Agraribus
328 1971 410 2050 pane
437 1992 469 2030 ac
496 1968 716 2042 rusticantibus,
747 1972 828 2053 qutid

148 2053 186 2112 ab
207 2073 241 2112 eo
271 2071 372 2132 genere
400 2071 477 2110 ottus
501 2049 627 2188 altuspue
657 2072 736 2121 erat,
762 2052 829 2114 satis

148 2133 243 2204 utilis,
269 2153 302 2190 ac
323 2134 429 2192 militiae
446 2128 572 2189 custosa
612 2131 748 2190 Veterum
771 2133 829 2192 ins·
871 2146 877 2157 '

148 2216 231 2274 tituta
255 2211 451 2274 severissimus.
476 2209 640 2290 Spadonum
664 2219 690 2270 &
717 2213 828 2271 aulico·

149 2315 212 2360 rum
239 2297 370 2353 omnium
395 2289 547 2352 vehemens
571 2290 716 2361 domitor,
741 2295 829 2354 tineas

150 2374 306 2456 soricesque
343 2374 421 2434 alatii
441 2394 489 2432 eos
510 2372 660 2452 appellans.

189 2457 229 2516 At
245 2397 448 2518 Condiantinus
467 2453 585 2512 obtento
604 2454 689 2511 totius
705 2453 831 2515 Romani

150 2539 284 2618 imperii,
310 2535 384 2596 mitit
404 2534 543 2594 bellorum
566 2531 723 2606 felicitate,
750 2540 830 2618 regi-

151 2621 251 2688 mine,
275 2615 373 2676 Faustd
399 2620 542 2696 conjuge,
566 2632 596 2672 ut
618 2632 738 2693 putant,
760 2615 830 2698 sug·

173 2717 284 2768 erente,
302 2695 436 2777 Crispum
453 2693 543 2758 filium
560 2697 654 2752 necari
667 2695 753 2772 jubet.
775 2696 833 2754 De·

152 2719 219 2838 dinc
249 2798 364 2842 uxorein
395 2775 474 2836 suam
503 2772 631 2834 Faustam
659 2776 688 2832 in
718 2775 833 2836 balneas

155 2859 280 2922 ardentes
307 2861 464 2938 conjectam
491 2856 654 2923 interemit,
681 2852 744 2916 ctitn
768 2877 833 2918 eum
