2142 3664
244 306 311 358 ne
340 290 681 358 cerneretis,
705 267 707 270 ⁵
733 307 798 376 241·

122 426 230 478 tueret3
247 407 342 489 'Atque
363 409 444 466 initia
464 406 595 476 Cereris,
615 407 802 488 Liberaeque,

106 494 183 568 'quae
194 489 326 548 Eleusina
340 488 464 558 dicitur,
484 486 697 548 Atheniensium
713 489 802 556 modo

55 605 57 612 ,
122 569 217 629 Roma
230 572 389 649 percoleret.
407 568 541 640 Deinde,
563 570 605 627 uti
619 566 710 641 solet,
725 578 803 629 'tran-

14 667 16 676 ’
83 684 86 692 ·
123 651 217 732 quillis
233 651 336 722 rebus,
355 651 496 714 remissior
514 670 557 708 rus
580 652 722 729 proprium
742 649 801 708 Ti-

124 731 175 790 bur
197 729 329 801 secessit,
354 727 487 810 permissi
509 729 589 792 Urbe
609 731 698 790 Lucio
719 730 803 790 AElio

124 809 240 872 Caesari.
259 807 343 889 lpse,
358 811 400 870 uti
415 809 504 868 beatis
521 809 705 889 locupletibus
720 831 803 884 mos,

124 893 229 971 palatia
253 889 409 960 exstruere,
436 911 529 948 curare
553 890 646 969 epulas
659 936 671 960 ,
699 893 802 973 signa,

124 973 234 1032 tabulas
247 973 334 1050 pistas
349 993 359 1040 3
376 968 516 1050 postremo
529 972 627 1030 omnia
641 969 707 1031 satis
721 975 805 1032 antrib

145 1049 302 1131 rospicere,
325 1072 385 1132 quae
409 1049 487 1112 luxits
510 1050 684 1132 lasciviaeque
710 1049 802 1114 essent.
854 1081 856 1086 ·

125 1073 203 1192 llinc
228 1134 284 1192 orti
307 1153 430 1192 rumores
453 1132 546 1204 mali,
570 1129 689 1212 injecisse
713 1131 805 1213 stupra

126 1213 298 1294 puberibus,
325 1232 407 1294 atque
430 1214 550 1272 Antinoi
574 1215 610 1272 fla
632 1211 728 1274 raville
754 1213 803 1274 sa-

127 1293 209 1354 moso
228 1292 404 1364 ministerio,
426 1315 515 1376 neque
531 1293 588 1354 alia
607 1234 642 1354 de
662 1293 743 1354 causi
758 1317 805 1354 ut-

127 1375 193 1434 bem
216 1374 360 1434 conditam
382 1379 439 1453 ejus
465 1377 604 1446 nomine,
633 1395 681 1456 aut
703 1374 804 1436 locille

127 1454 249 1536 Ephebo
263 1453 374 1515 statuas.
397 1455 469 1530 Quat
488 1455 603 1535 quidem
623 1457 672 1515 alii
689 1459 735 1535 pia
751 1479 805 1518 vo-

128 1537 214 1606 lunt,
237 1534 447 1620 religiosaque3
468 1539 570 1616 quippe
589 1536 736 1596 Hadriano
755 1559 805 1596 cu-

129 1619 221 1697 piente
239 1616 329 1676 fetum
346 1615 516 1695 producere,
535 1615 599 1674 crim
615 1617 805 1678 voluntarium

130 1697 167 1756 ad
187 1699 276 1754 vicem
298 1697 383 1778 Magi
401 1693 609 1775 poposcissent,
630 1699 735 1756 cunetis
756 1719 803 1757 re-

130 1776 333 1848 trastentibus,
352 1777 511 1858 Antinoum
531 1775 663 1855 objecisse
678 1776 707 1838 se
727 1779 804 1838 refe-

130 1877 194 1917 runt
207 1880 218 1929 3
241 1855 361 1938 hincque
385 1859 415 1916 in
438 1878 501 1916 eum
524 1858 616 1917 officia
640 1857 804 1940 supradidla.

129 1939 193 1998 Nos
208 1959 267 1998 rem
291 1941 320 1998 in
345 1938 441 1998 medio
465 1939 675 2020 relinquemus3
698 1963 804 2021 quam-

130 2041 215 2102 quem
229 2021 263 2078 in
286 2016 396 2078 remillo
418 2021 533 2102 ingenio
554 2019 709 2100 sulpesiam
730 2020 804 2080 aesti-

130 2119 238 2160 mantes
255 2098 416 2158 sotietatem
430 2102 481 2158 aevi
498 2102 583 2183 louge
597 2102 740 2180 imperilis.
757 2103 807 2161 ln-

130 2183 212 2240 terim
223 2179 306 2239 AElio
318 2179 429 2240 Caesere
445 2198 557 2238 mortuo
568 2179 653 2252 ‚crim
667 2180 724 2260 ipse
738 2185 805 2242 ani-

131 2282 181 2320 mo
205 2280 302 2340 parum
326 2261 429 2319 valeret
447 2259 459 2329 ,'
481 2259 640 2341 idcircoque
666 2259 806 2340 despeciui

131 2339 297 2412 haberetur,
321 2340 357 2399 ad
379 2339 528 2400 creandum
553 2339 694 2402 Cae'sarem
713 2343 807 2406 Patres

99 2492 101 2496 Ι
131 2441 278 2481 convocat.
303 2422 414 2498 Quibus
438 2443 488 2502 pro
509 2421 552 2480 ere
577 2423 806 2497 accurrentibus,

132 2503 205 2562 forte
228 2503 404 2562 Antoninum
431 2443 574 2580 conspexit
599 2501 669 2562 senis
694 2502 781 2564 soceri
794 2552 804 2578 ,

131 2602 180 2641 aut
190 2584 323 2664 genitoris
334 2584 430 2641 anxios
443 2579 543 2664 grell'us
555 2584 694 2652 levantem
709 2607 804 2650 manu.

132 2664 201 2738 Quo
225 2663 294 2720 mire
314 2663 489 2733 obletiatus‚
511 2663 676 2744 adoptatum
695 2665 816 2749 legibus·

100 2765 108 2776 ·
132 2743 273 2804 Caesarem
286 2737 386 2820 jubetf,
407 2740 554 2823 statimque
568 2746 603 2804 ab
617 2766 651 2804 eo
667 2745 804 2818 Senatirs,

127 2826 179 2882 *cni
199 2823 321 2894 ludibrio
340 2821 451 2894 suerat,
474 2845 606 2908 magnam
627 2845 733 2964 puppem
750 2849 803 2887 ne-
