2142 3664
251 335 682 404 orerecurrunt.
735 354 803 420 259

131 449 222 549 risque
242 451 292 512 illi)
316 472 503 533 pervenerant.
525 449 593 527 Qui
614 449 698 512 causti
713 452 806 520 Decio

131 554 216 612 quarn
238 537 327 611 potuit
352 535 516 593 maturrimd
542 530 636 592 Romi
660 530 805 616 digresso,

131 613 218 674 Julius
238 614 357 673 Valens·
370 617 578 694 cupientissimo
600 613 688 696 vulgo
713 613 809 693 Impe-

131 695 204 752 rium
218 697 301 773 capit.
315 694 424 754 Vettim
439 699 548 775 utrique
563 715 630 752 mox
644 696 728 764 caesi,
743 692 807 754 crim

52 845 53 848 Ἴ
131 772 257 833 Priscum
270 776 403 834 nobilitas
420 774 527 834 hostem
546 772 805 854 patriaeqcensuiss'et.

130 854 215 914 Decii
232 855 369 914 Barbaros
388 875 461 915 trans
483 855 647 915 Danubium
661 854 811 932 perseilau·

131 953 171 994 tes
201 935 280 996 Bruti
306 934 404 996 fraude
430 936 582 1006 ceciddre,
608 933 704 994 exaslo
730 938 811 1018 regni

131 1016 257 1076 biennio.
280 1017 336 1076 Sed
361 1017 516 1083 Deciorum
542 1021 663 1075 mortem
688 1016 811 1096 plerique

132 1095 266 1156 illustrem
290 1096 383 1157 ferunt
402 1122 408 1155 :
429 1119 551 1178 namque
572 1094 662 1156 lilium
682 1095 812 1156 audacius

134 1177 364 1258 congredientem
385 1177 508 1238 cecidisse
534 1181 562 1238 in
587 1179 645 1236 acie
669 1199 679 1246 3
705 1196 812 1256 patrem

134 1277 250 1328 autem,
270 1257 333 1318 edm
359 1261 477 1340 perculsi
490 1260 592 1319 milites
613 1257 648 1317 acl
663 1256 812 1318 solandum

134 1335 338 1416 Imperatorem
364 1341 452 1400 multa
479 1338 682 1421 praefarentur,
704 1336 813 1398 strenue

135 1415 254 1490 dixisse,
273 1420 479 1480 Detrimentum
497 1423 577 1487 unius
596 1421 692 1479 militis
712 1440 812 1499 parum

134 1497 225 1560 videri
242 1501 297 1560 sibi
311 1523 321 1572 3
333 1503 385 1559 ita·
400 1500 503 1560 refedlo
518 1501 593 1560 bello‘
613 1498 677 1559 ctlm
691 1499 813 1582 impigri

135 1577 314 1648 decertaret,
334 1577 464 1640 interiisse
484 1583 544 1659 pari
567 1580 664 1639 modo.
825 1605 826 1610 ¹

169 1659 274 1718 XXX.
288 1660 357 1718 Haec
371 1661 420 1720 ubi
429 1661 523 1719 Patres
534 1659 712 1739 comperire,
727 1655 815 1719 Gallo

137 1737 356 1819 Hostilianoque
375 1739 499 1822 Augusta
519 1741 662 1820 Imperia,
680 1739 816 1799 Volusia-

138 1840 207 1878 num
237 1819 324 1880 Gallo
351 1819 457 1882 editum
485 1819 626 1882 Caesarem
655 1820 813 1883 decernunt.
844 1857 846 1862 ·
878 1823 880 1830 ’

137 1899 214 1964 Dein
236 1897 389 1980 pestilentia
405 1904 518 1974 oritur,
542 1899 597 1982 qus
618 1899 737 1961 atrocitis
759 1899 813 1960 sae-
889 1974 892 1978 Ι

137 1983 247 2052 viente,
262 1980 435 2043 Hostilianus
446 1979 569 2054 interiit,
581 1983 668 2044 Gallo
678 1983 816 2041 Volusia-
846 2051 851 2056 ι

138 2083 232 2142 noque
244 2062 324 2122 favor
336 2067 464 2144 quaesitus
476 2111 485 2136 ,
501 2063 579 2145 quod
590 2065 672 2122 anxie
683 2063 818 2121 studiose-

138 2164 192 2224 que
208 2145 363 2203 tenuissimi
378 2143 508 2226 cujusque
524 2141 667 2224 exsequias
681 2161 815 2202 curarent.

179 2221 305 2282 XXXI.
328 2225 417 2306 Igitur
437 2223 480 2290 his
502 2225 602 2284 Romae
618 2223 816 2294 morantibus,

7 2321 8 2324 ’
96 2347 99 2350 -
138 2299 277 2363 AEmilius
294 2303 468 2364 AEmilianus
491 2302 632 2363 summam
651 2301 816 2383 'potestatem

140 2387 274 2464 corruptis
289 2386 431 2460 ¹militibus
450 2387 572 2465 arripuit.
592 2385 639 2445 Ad
658 2405 743 2465 quem
764 2405 816 2442 ex-

139 2465 323 2548 pugnandum
346 2466 487 2545 professi,
513 2466 678 2526 Interamnae
702 2467 738 2525 ab
763 2463 818 2534 suis

142 2547 305 2616 caeduntur,
330 2545 377 2626 spe
398 2548 503 2626 praemii
525 2550 637 2625 majoris
656 2548 692 2606 ab
714 2546 817 2606 AEmi·

141 2627 206 2698 lio,
230 2630 275 2686 cui
293 2628 371 2686 nullo
392 2626 551 2695 laborelseu
568 2629 735 2689 detrimento
753 2629 819 2686 vic·

141 2709 214 2767 toria
240 2707 440 2777 obveniebat3
470 2709 553 2768 simul
576 2711 642 2790 quia
672 2708 821 2766 immodici

141 2807 190 2868 per
207 2789 307 2848 'lurum
329 2787 552 2870 lasciviamque,
576 2791 668 2849 officia
690 2789 818 2846 benev0÷

142 2869 236 2928 leutiae
251 2889 436 2952 corruperant.
449 2871 505 2932 His
516 2869 583 2932 sans
596 2871 727 2934 omuibus
739 2870 821 2930 bien·
