2142 3664
248 248 331 395 214¹
393 303 521 376 Aua.
550 303 769 375 Vtcnoa

245 459 921 553 omfflwweo

314 623 852 720 ADDITAMENTUM

274 813 523 877 vinolium
563 792 890 878 tntus‘sntum

244 985 285 1030 EX
307 986 410 1028 numo
434 984 587 1038 ANTIQUIS
610 985 703 1028 annu
725 984 922 1030 nutemus.

183 1189 192 1198 .
282 1137 449 1200 LXXVIII.
470 1136 560 1200 Caius
579 1137 668 1198 Julius
685 1135 781 1200 Cesar
793 1183 806 1208 ,
830 1157 920 1200 vene-¹

242 1222 350 1282 tatione
363 1241 455 1280 retum
470 1217 609 1300 gestarum
621 1219 712 1278 Divus
726 1217 817 1280 dietus
833 1243 840 1278 :
854 1242 923 1282 con·

242 1301 392 1362 ntbernalis
419 1297 549 1360 Thermo
573 1301 604 1360 in
626 1300 726 1360 Asiam
748 1299 890 1380 profestus
906 1347 919 1374 ,

241 1380 306 1441 calm
326 1379 395 1461 saepe
414 1379 451 1441 ad
466 1378 654 1442 Nicomedem
672 1400 768 1462 regem
782 1380 920 1464 Bithyni:

241 1480 444 1532 commearet,
476 1460 657 1542 impudicitia
685 1459 837 1522 infamatus
869 1461 920 1527 est.

239 1542 314 1604 Mox
334 1542 516 1604 Dolabellam
538 1542 644 1620 judicio
667 1543 811 1623 oppressit.
837 1543 920 1606 Dum

239 1620 393 1684 studiorum
416 1621 499 1684 causa
515 1621 651 1684 Rhodum
691 1624 762 1694 etit,
785 1620 920 1704 ipitatit

239 1723 335 1786 captus
361 1713 388 1766 δι
416 1704 597 1784 redemptus,
628 1643 743 1764 eolllem
769 1713 796 1764 dc
822 1703 920 1784 postea

239 1784 919 1945 dllsslmlldffnl‘llllllmallll

238 1945 281 2006 bis
295 1910 586 2028 clalle⁹ttansgrellum
610 1945 782 2020 Btitanniam
796 1943 916 2031 subegit.

239 2025 317 2086 Cum
335 2026 362 2083 ei
380 2022 539 2106 ttiumpbns
560 2023 727 2106 {Pompeio
745 2047 781 2086 ne
832 2046 916 2102 etur,

237 2110 325 2168 armis
345 2128 410 2167 eum
429 2107 510 2169 Urbe
529 2104 639 2186 pulsum
662 2109 692 2166 in
710 2104 786 2168 Phar
799 2106 855 2170 alid
870 2112 917 2170 vi-

208 2221 210 2226 ·
235 2189 285 2247 cit.
305 2187 408 2268 Capite
429 2193 487 2264 ejus
504 2187 604 2248 ‚ablato
623 2190 721 2260 flevit,
743 2196 771 2249 δι
792 2186 915 2252 honori.

238 2264 291 2326 fiee
310 2267 418 2349 sepeliri
433 2268 501 2329 fecit
519 2291 611 2330 :mox
630 2268 648 2329 ὲ
665 2266 829 2331 satellitibus
844 2269 917 2332 Pto‘

165 2387 172 2396 =
236 2348 328 2409 lemaei
359 2347 511 2422 obselsus,
545 2371 643 2409 eorum
672 2358 700 2408 δι
728 2349 815 2432 Regis
845 2371 915 2412 nece

236 2427 376 2509 Pompeio
402 2432 566 2508 parentavit.
594 2427 766 2490 Pharnacem
788 2427 911 2491 Mithri-

237 2508 309 2569 datis
324 2507 413 2568 lilium
432 2507 511 2570 fami
527 2511 652 2568 nominis
669 2505 786 2591 fugavit.
806 2507 912 2574 Jubam

236 2597 264 2649 &
283 2590 443 2668 Scipionem
462 2593 492 2649 in
510 2587 607 2648 Africa
629 2611 638 2659 3
656 2588 806 2669 Pompeios
825 2595 908 2670 juve-

236 2689 285 2729 nes
304 2671 334 2728 in
352 2667 492 2749 Hispanii
511 2669 585 2749 apud
606 2669 749 2730 Mundam
771 2692 810 2752 op
830 2670 909 2734 idum

236 2752 344 2833 ingenti
369 2750 464 2830 ptaelio
492 2751 567 2811 vicit.
595 2749 708 2812 Deinde
736 2692 909 2834 ignolcendo

236 2828 336 2894 amicis
359 2830 426 2892 odia
452 2851 516 2892 cum
542 2835 627 2893 armis
655 2829 811 2914 deposuit,
841 2855 909 2895 nam

1056 2714 1064 2932 l
