2110 3666
286 299 662 403 'suttona
755 349 817 419 3ss

148 453 265 516 reolum
284 449 425 532 profectus
457 447 504 510 est,
535 449 630 526 Quem
660 445 723 508 crim
749 448 824 530 apud

148 554 285 614 pontem,
311 535 361 613 qui
390 552 424 592 ex
454 535 513 609 ejus
543 532 658 590 nomine
688 531 824 590 Aureolus

148 615 322 694 appellatur,
348 613 497 672 obtentum
527 609 722 691 detrusumque
752 611 823 670 Me-

149 694 296 754 diolanum
314 691 445 762 obsedit,
464 690 586 772 ejusdem
606 693 722 751 Aureoli
740 713 824 750 com-

150 794 249 836 mento
262 773 279 832 ‘a
293 771 347 833 suis
364 775 477 833 interiit.
491 773 633 855 Regnavit
646 793 733 832 annos
746 773 828 853 quin'-

151 855 271 924 decim,
298 875 362 914 cum
388 873 465 934 patre
487 852 616 932 septem,
646 851 719 912 solus
747 856 825 914 otto.

150 937 234 997 Vixit
256 957 346 994 annos
384 935 578 1016 uinquaginta.

192 1005 334 1076 XXXlV.
348 1015 375 1075 C
406 1015 485 1074 udius
498 1017 646 1094 imperavit
661 1015 741 1073 annis
756 1013 829 1074 duo-

151 1098 213 1158 bus,
234 1097 319 1157 Hunc
342 1097 464 1176 plerique
489 1113 587 1176 putant
607 1095 756 1155 Gordiano
778 1093 827 1154 sa-

153 1197 236 1248 tum,
263 1177 330 1238 dum
352 1175 512 1237 adolescens
538 1175 554 1235 ‘a
581 1177 695 1234 muliere
720 1175 830 1236 maturi
875 1169 900 1206 ³'

151 1257 336 1318 institueretur
348 1257 384 1317 ad
398 1279 521 1318 uxorem.
536 1258 592 1316 Hic
610 1256 745 1318 Claudius
760 1256 829 1316 Gal-

152 1341 221 1400 lieni
246 1341 391 1400 morientis
417 1337 554 1398 sententie
575 1339 730 1416 Imperator
751 1337 828 1397 desi-

152 1440 273 1502 gnatus,
296 1421 332 1480 ad
345 1441 430 1502 quem
448 1419 545 1479 Ticini
559 1421 680 1500 positum
700 1439 747 1498 per
761 1417 831 1479 Gal-

151 1503 262 1565 lonium
282 1502 416 1562 Basilium
435 1501 693 1581 indumentaregia
716 1499 827 1570 direte7

152 1603 218 1652 ταῖς
241 1584 418 1661 extineloque
438 1579 455 1639 *a
473 1579 528 1640 suis
549 1581 693 1650 Aureolo,
715 1583 830 1660 receptis

154 1664 314 1745 legionibus
340 1660 486 1720 adversum
512 1679 624 1743 gentem
648 1660 829 1720 Alamanno-

153 1763 216 1802 rum
237 1741 312 1802 haud
332 1741 427 1820 procul
445 1741 461 1800 it
476 1743 539 1801 lacu
552 1741 663 1800 Benaco
677 1741 829 1814 dimicant,

81 1870 83 1872 -
155 1844 263 1884 tantam
285 1821 491 1882 multitudinem
513 1821 607 1893 fudit,
628 1842 658 1882 ut
676 1824 747 1906 aegre
768 1845 830 1904 pars

155 1905 273 1964 dimidia
293 1902 462 1984 superfuerit.
482 1904 537 1964 His
555 1904 652 1964 diebus
666 1906 831 1966 Vidtorinus

155 2005 273 2066 regnum
289 1988 369 2066 cepit.
389 1985 526 2046 Claudius
543 1983 630 2055 verb,
650 1985 714 2046 ctim
728 2007 762 2046 ex
779 1985 828 2046 fa-

155 2067 257 2128 talibus
285 2067 390 2134 libris,
419 2087 489 2146 quos
519 2065 619 2145 inspici
641 2084 803 2146 praeceperat
816 2113 828 2136 ,

155 2143 328 2230 cognovisset
355 2146 495 2206 sententie:
521 2148 552 2204 in
575 2147 679 2204 Senatu
707 2147 832 2214 dicendae

156 2232 239 2308 primi
262 2247 351 2286 morte
372 2227 527 2286 remedium
547 2225 714 2296 desiderati,
737 2229 828 2286 Pom-

156 2314 243 2390 ponio
264 2305 365 2378 Basso,
386 2310 435 2388 qui
452 2327 518 2366 tunc
539 2325 615 2377 erat,
633 2304 661 2365 se
677 2304 830 2380 offerente,

156 2389 214 2450 ise
234 2391 322 2450 vitam
349 2387 453 2459 suam,
480 2385 555 2448 haud
582 2384 670 2468 pallus
699 2387 830 2470 responsa

158 2412 298 2540 sostrati,
322 2470 399 2530 dono
420 2470 590 2550 Reipublicae
609 2469 705 2540 dedit,
745 2470 829 2530 raefu-

158 2571 200 2612 tus
221 2555 363 2612 neminem
382 2554 454 2610 tanti
475 2550 581 2610 ordinis
603 2553 706 2632 primas
727 2491 749 2610 li

157 2630 243 2714 quim
258 2630 361 2712 ipsum
386 2632 593 2710 Imperatorem.
623 2631 667 2692 Ea
698 2653 740 2692 res
763 2636 832 2694 sicut

73 2718 76 2724 '
158 2735 216 2782 erat
234 2716 339 2774 cunslis
366 2731 470 2794 grata,
494 2734 552 2772 non
571 2713 642 2772 Divi
662 2714 833 2773 vocabulum

159 2795 266 2865 modis,
290 2793 337 2852 sed
357 2814 389 2852 ex
408 2813 477 2852 auro
497 2791 615 2851 striturm
636 2813 722 2872 prope
742 2793 833 2873 ipsum

158 2875 236 2936 Jovis
257 2875 456 2944 simulacrum,
478 2893 561 2954 atque
582 2876 612 2932 in
635 2873 710 2934 turiei
728 2877 833 2958 imagi-

157 2977 223 3017 nem
243 2957 356 3018 aureim
372 2955 501 3016 Proceres
522 2953 670 3017 lucrevsre.

751 2554 832 2611 abere
845 2589 848 2592 -
