2060 3662
313 348 497 422 trien
546 317 613 420 Is
757 371 796 441 31

118 465 197 533 Nam
214 491 247 531 er
264 468 392 532 ducentis
411 481 438 532 tt
456 468 561 556 viginti
577 469 718 542 navibus,
733 491 800 534 cum

117 556 233 636 triginta
250 553 324 638 fugit
335 599 347 622 ,
366 555 523 636 nonaginta
546 573 609 612 cum
628 555 797 638 pugnatori—

116 631 169 694 bus
196 653 284 714 captae
308 631 401 705 sunt3
429 630 561 694 demersa
583 654 688 694 ceterae.
718 635 800 696 Alius

116 731 232 797 quoque
252 713 364 776 Consul
382 706 493 775 classem
513 711 663 800 naufragio
683 718 799 777 amisitz

116 800 270 856 exercitum
287 814 384 856 tamen
401 795 511 858 salvum
526 793 649 870 habuit3
671 799 800 880 quievi·

117 880 184 938 tina
204 879 286 937 litora
305 897 392 938 erant.

120 985 125 992 ·
160 955 309 1020 XXVII.
332 959 408 1019 Caio
430 956 544 1019 Lutatio
566 953 697 1030 Catulo,
721 959 800 1020 Aulo

116 1034 267 1100 Postumio
288 1039 396 1099 Albino
418 1037 614 1111 Consulibus,
635 1062 710 1100 anno
732 1037 802 1107 belli

117 1117 220 1180 Punici
249 1137 366 1181 xxrrr.
394 1119 411 1180 ‘a
434 1121 541 1182 Catulo
567 1122 673 1182 bellum
701 1142 802 1183 contra

117 1201 206 1262 Afros
235 1199 412 1262 comm-issum
437 1201 484 1262 est.
507 1201 652 1263 Profectus
673 1199 712 1261 est
735 1224 801 1264 cunr

119 1285 249 1344 trecentis
269 1285 387 1344 navibus
405 1286 436 1344 in
459 1282 595 1345 Siciliam.
617 1279 682 1344 Afri
702 1305 802 1346 contra

119 1363 213 1445 ipsum
235 1365 454 1450 quadringentas
483 1371 658 1446 paraverunt.¹
680 1366 800 1438 (Nun-

117 1465 208 1586 guam
223 1448 252 1508 in
270 1449 342 1508 mari
355 1449 439 1508 tantis
454 1449 542 1528 copiis
557 1465 713 1530 pugnatum
727 1445 767 1506 est
776 1453 802 1523 ).

145 1530 248 1588 utatius
274 1527 394 1590 Catulus
419 1547 522 1589 navem
549 1547 621 1612 aeger
645 1527 803 1588 ascendite

115 1611 279 1669 vulneratus
293 1613 370 1670 enim
388 1613 419 1670 in
435 1608 531 1692 pugni
545 1607 684 1688 superiore
700 1606 800 1669 fuerat.

120 1687 235 1750 Contra
251 1691 433 1771 Lilybaeum,
452 1689 594 1749 civitatem
609 1690 733 1759 Siciliae,
751 1709 804 1770 pu-

142 1789 242 1830 natum
270 1769 308 1829 est
333 1772 442 1855 ingenti
469 1771 570 1830 virtute
594 1769 802 1832 Romanorum.

118 1791 200 1912 iiam
231 1849 405 1936 septuaginta
435 1871 487 1912 tres
518 1848 802 1936 Carthaginiensium

119 1953 207 1994 naves
225 1951 313 2013 captae
331 1932 416 2003 sunt,
434 1951 544 1992 centurn
563 1935 803 2072 &viginti-guiu-

120 2033 176 2095 que
194 2012 346 2086 demersae,
364 2015 479 2098 triginta
496 2013 553 2072 duo
569 2015 659 2074 miliia
678 2012 716 2072 ho
741 2017 803 2074 ium

119 2115 223 2176 capta,
242 2095 376 2155 tredecim
392 2093 485 2155 occisa
501 2117 507 2151 :
523 2091 666 2154 infinitum
684 2097 743 2155 auri
758 2117 804 2156 ar-

119 2179 255 2260 gentique
278 2177 387 2256 pondus
410 2179 440 2235 in
459 2173 625 2256 potestatem
647 2175 803 2236 Romano-

43 2277 46 2288 *
119 2277 184 2317 tum
205 2257 357 2317 redadium.
377 2257 422 2316 Ex
442 2253 522 2316 classe
541 2253 673 2315 Romani
694 2256 804 2316 duode-

122 2341 181 2398 cim
209 2359 292 2398 naves
323 2336 462 2398 demersat.
493 2335 652 2420 Pugnatum
681 2336 720 2398 est
752 2359 804 2400 vr.

121 2417 190 2480 Idus
204 2420 332 2479 Martias.
354 2421 456 2480 Statim
476 2417 726 2502 Carthaginienses
746 2440 803 2500 pa*

122 2521 186 2562 cem
203 2502 360 2580 petierunt,
380 2501 538 2582 tributaque
557 2498 595 2558 est
611 2502 645 2560 iis
661 2519 715 2580 pax
729 2523 740 2568 3
759 2521 805 2560 ca-

122 2583 196 2663 ptivi
212 2581 430 2652 Romanorum,
450 2585 500 2664 qui
516 2581 711 2642 tenebantur&
727 2581 805 2642 Car-

123 2660 373 2746 thaginiensibus,
395 2662 496 2724 redditi
512 2662 584 2724 sunt.
609 2663 706 2722 Etiam
724 2662 804 2724 Carss¹

82 2769 86 2774 ·
123 2741 314 2827 thaginienses
325 2746 462 2824 petierunt
476 2789 484 2813 ,
499 2763 529 2803 ut
542 2743 642 2803 redimi
656 2765 703 2804 eos
717 2745 805 2824 capti·

123 2845 175 2884 vos
186 2827 297 2896 liceret,
308 2847 378 2906 quos
391 2846 424 2884 ex
437 2823 514 2884 Afris
523 2825 649 2884 Romani
660 2825 806 2886 tenebant.

125 2905 242 2967 Senatus
258 2909 337 2988 jussit
357 2908 416 2968 sine
431 2909 520 2990 pretio
538 2906 597 2969 dari
617 2927 688 2977 eos,
707 2907 805 2988 quiin

612 2987 684 3050 Biv
