2110 3666
215 333 283 399 282
367 327 491 400 Aua.
521 327 736 426 Vrcroa

215 451 291 510 orbis
306 449 430 508 Romani
449 448 559 510 duobus
577 451 714 529 quaesita,
734 448 784 528 qui
798 467 901 527 quam·

215 534 257 592 vis
279 552 327 610 per
349 531 440 590 Flavii
466 528 589 598 sororem
616 547 734 608 nuptam
759 527 901 600 Licinio,

216 613 337 672 connexi
355 613 426 671 inter
445 608 471 670 se
489 629 591 681 erant,
611 611 651 668 ob
667 606 791 670 diversos
806 631 900 670 mores

216 711 312 752 tamen
328 692 409 752 anxie
426 693 578 752 triennium
599 711 753 774 congruere
773 692 901 772 quivere.

216 774 295 834 Nam
318 794 352 832 ue
371 774 412 833 iili
431 793 526 852 praeter
542 771 698 832 admodum
722 792 828 855 magna
850 793 901 832 cae-

217 875 275 915 tera
285 795 374 925 ,huic
389 855 580 934 parsimonia,
594 861 620 914 δι
636 874 668 912 ea
682 851 797 933 quidem
810 850 902 936 agres·

218 938 277 1007 tis,
303 933 503 996 tautummodd
522 936 618 994 inerat.
645 934 777 1014 Denique
799 931 901 995 Cons-

218 1018 342 1076 tantinus
361 1019 476 1088 cundios
492 1013 583 1075 hostes
601 1011 708 1076 honore
727 1037 760 1074 ac
780 1013 903 1076 fortunis

219 1097 397 1158 manentibus
412 1099 501 1168 texit,
519 1097 698 1177 recepitque,
717 1094 752 1156 ed
768 1099 850 1176 pius,
872 1115 903 1156 ut

219 1181 307 1238 etiam
324 1197 403 1238 verus
420 1180 654 1257 veterrimumque
672 1175 838 1257 supplicium
856 1199 905 1258 pa·

221 1259 375 1318 tibulorum
392 1268 419 1319 &
437 1259 562 1318 cruribus
582 1254 782 1340 suffringendis
798 1261 905 1338 primus

220 1343 379 1399 removerit.
406 1338 485 1398 Hinc
512 1359 563 1418 pro
590 1339 736 1398 conditore
762 1336 811 1398 seu
838 1339 905 1400 Deo

223 1417 345 1479 habitus.
367 1421 480 1478 Licinio
500 1440 535 1478 ne
556 1417 711 1480 insontium
732 1419 849 1501 quidem
870 1441 904 1480 ac

222 1501 362 1560 nobilium
379 1497 618 1580 Philosophorum
636 1499 729 1560 servili
747 1521 827 1560 more
847 1522 908 1563 cru·

222 1585 311 1642 ciarus
335 1579 456 1642 adhibiti
481 1581 600 1641 modurn
625 1580 723 1643 fecere.
750 1582 820 1660 Quo
840 1580 908 1643 sane

174 1689 179 1692 ·
221 1666 306 1724 variis
325 1664 424 1742 praeliis
440 1660 543 1744 pulso,
564 1660 628 1722 crim
646 1684 710 1723 eum
733 1663 841 1743 prorstis
857 1685 909 1743 op·

224 1746 343 1824 primere
358 1743 648 1816 arduum-videretur,
666 1743 751 1804 simui
763 1744 909 1805 affinitatis

225 1823 316 1907 gratid
335 1828 437 1905 recepti
456 1822 622 1895 consortio,
644 1823 798 1906 adscirique
816 1827 910 1964 impe·

224 1907 268 1964 rio
304 1905 451 1965 Caesarum
485 1925 651 1964 communes
684 1906 765 1964 liberi
792 1905 845 1967 Cri
859 1927 911 1985 pus

225 1983 486 2066 Constantinusque
499 1983 598 2046 Flavio
617 1988 726 2069 geniti,
746 1987 912 2049 Licinianus

224 2067 362 2162 Licinio..
375 2066 463 2161 Quod
489 2066 620 2148 equidem
647 2069 695 2126 vix
722 2067 912 2162 diuturnum,
979 2128 981 2132 .

226 2145 915 2301 {⁶33⁶shfrsqhihffsshssffsihih‘ai‘j

226 2309 408 2392 patefactum.
441 2311 538 2391 ltaque
572 2308 705 2406 serennio
736 2308 797 2390 post
830 2310 913 2391 rupti

228 2388 536 2532 Ξῖἑὲῃῖμῗοῃῖῗζῖῑῗς
554 2391 682 2530 iss?
697 2388 914 2533 {adhibi}

230 2553 407 2615 Martiniano
431 2551 468 2612 ad
486 2552 638 2632 Imperium
666 2571 826 2632 cooptato,
855 2551 914 2615 un‘a

231 2630 371 2714 oppreihrs
389 2629 436 2726 esi.
458 2633 616 2726 Eolmodo
637 2633 806 2713 Respublica
830 2636 914 2695 unius

230 2716 360 2809 arhitrio·
371 2734 431 2854 gersa
452 2733 561 2794 coeptt,
582 2715 677 2855 libppliss
694 2712 916 2856 qugqpluqlrenpg-¹

219 2795 677 2959 idhidesdaitveeirirpdiietdiiiidstro
688 2818 859 2938 slonstadtio
872 2879 917 2940 iu-
