2110 3666
265 313 331 380 312
382 285 507 358 Aua.
537 285 815 356 Vrcaonrr

261 407 435 478 restitueret,
456 425 569 490 augeret
588 405 743 466 ordinibus.
757 404 897 485 Namque
915 403 953 466 ad

261 487 403 570 specimen
426 491 572 571 legionum
600 488 791 556 militarium,
823 483 950 558 fabros,

259 571 554 651 perpendiculatores,
580 565 771 638 architectos,
798 565 897 649 genus
915 589 950 628 ue
1039 639 1041 644 Ι

260 655 392 711 cuntium
415 649 642 709 exstruendorum
665 652 803 710 moenium
825 647 875 708 seu
893 591 949 710 gc·

261 733 448 792 corandotum
463 734 492 790 in
508 729 637 791 cohortes
654 733 866 791 centuriaverat.
886 731 950 790 Va-

258 814 339 885 rius,
370 814 540 892 multiplex,
571 811 778 884 multiformis,
806 811 843 871 ad
874 813 949 874 vitia

260 912 346 976 atque
363 898 478 955 virtutes
494 895 575 974 quasi
595 894 696 953 arbiter
717 897 852 974 genitus,
882 895 947 954 im-

258 994 355 1056 petum
382 977 484 1035 mentis
508 973 633 1055 quodam
660 973 782 1034 artificio
809 995 947 1056 regens,

164 1055 169 1062 ’
259 1057 406 1140 ingenium
427 1056 580 1128 invidum,
605 1054 706 1127 triste,
730 1054 892 1127 lascivum,
918 1065 947 1116 δι

257 1138 295 1197 ad
312 1138 527 1199 ostentationem
549 1136 591 1197 sui
611 1135 755 1209 insolens,
777 1136 881 1196 callide
901 1155 948 1196 te-

258 1219 372 1302 gebat,
401 1220 627 1288 continentiam,
658 1217 849 1289 facilitatem,
879 1219 944 1278 cle-

257 1303 394 1360 mentiam
414 1300 569 1372 simulans,
591 1317 742 1381 contraque
760 1300 946 1376 dissimulans

256 1382 386 1442 ardorem
409 1382 530 1464 gloriae,
553 1401 611 1462 quo
630 1382 776 1463 flagrabat.
799 1382 875 1450 Acer
896 1384 946 1444 ni·

257 1464 312 1522 mis
333 1463 370 1522 ad
390 1459 575 1526 lacellendum
594 1465 696 1543 paritet
708 1471 742 1546 ,δι
766 1459 946 1542 responden-

257 1543 326 1606 du'nr
342 1543 438 1614 seriis,
457 1549 545 1622 joco,
565 1543 742 1614 maledictis,
759 1542 858 1603 referte
876 1566 944 1606 car·

256 1647 323 1688 men
344 1627 485 1697 carmini,
509 1625 616 1686 dicium
636 1625 747 1696 dictui,
775 1623 886 1705 prorsus
912 1645 945 1688 ut

256 1707 424 1778 meditatum
449 1706 570 1767 crederes
591 1705 718 1779 adversrls
740 1709 848 1772 omnia.
874 1707 945 1768 Hu-

255 1793 298 1868 jus
327 1810 395 1848 uxot
424 1789 553 1859 Sabina,
587 1787 655 1848 dum
680 1788 765 1868 propi
793 1771 944 1850 servilibus

256 1870 363 1947 injuriis
382 1869 522 1940 afficitur,
546 1868 582 1928 ad
603 1888 723 1928 mortem
744 1871 940 1932 voluntariam

257 1948 410 2028 compulsa.
454 1950 526 2028 Quae
564 1947 658 2028 palam
691 1951 846 2029 jadlabat,
876 1950 941 2025 se,

255 2028 333 2112 quod
353 2033 478 2092 immane
499 2033 645 2114 ingenium
665 2030 852 2111 probavisset,
872 2034 939 2094 ela-

255 2109 362 2172 bordffe
386 2159 396 2185 ,
427 2133 463 2172 ne
492 2133 526 2171 ex
549 2131 584 2172 eo
613 2113 650 2174 ad
680 2110 798 2174 humani
826 2117 945 2197 generis¹

254 2197 406 2275 perniciem
431 2193 630 2277 gravidaretur.
656 2193 713 2254 Hic
736 2195 838 2256 morbo
864 2193 938 2257 sub-

255 2293 374 2336 cutaneo
393 2321 405 2345 ,
428 2297 514 2356 quem
541 2274 590 2336 diu
617 2275 727 2358 placide
756 2275 937 2358 pertulerat,

254 2358 364 2428 vietus,
384 2355 482 2434 dolore
496 2355 614 2428 ardens,
634 2357 858 2440 impatiensque,
877 2359 940 2438 plu·

200 2499 203 2504 ,
255 2457 298 2497 res
322 2438 337 2501 ὲ
360 2439 465 2498 Senatu
489 2435 625 2498 exstinxit.
653 2441 681 2498 A
704 2439 817 2522 regibus
838 2440 937 2501 multis

253 2539 322 2598 pace
338 2520 456 2588 ¹occultis
473 2521 634 2590 muneribus
652 2521 819 2600 impetrasti,
839 2523 934 2599 jadra·

253 2599 304 2662 bat
325 2597 443 2679 palam,
463 2599 527 2659 Plus
547 2597 574 2658 se
593 2603 655 2662 otio
672 2601 826 2683 adeptum,
847 2599 935 2683 quim

253 2683 340 2741 armis
368 2699 488 2742 caeteros.
515 2680 619 2742 Officia
645 2682 710 2744 sane
738 2685 877 2764 publica,
907 2693 935 2744 δι

254 2763 400 2844 palatina,
421 2784 544 2836 necnon
562 2765 668 2826 militia
686 2767 715 2825 in
731 2786 795 2826 earn
809 2764 934 2824 formam

254 2842 350 2920 statuit
362 2889 373 2918 ,
387 2867 448 2928 qux
466 2847 561 2928 paucis
583 2843 861 2930 perConstanrinum
879 2845 936 2905 im-

270 2959 272 2964 ·
821 2947 937 2988 mutatis
