2110 3666
227 355 295 422 354
368 329 560 399 Serri
596 330 757 398 Ruri·

224 451 355 512 foederati
369 469 456 510 erant.
471 450 528 510 Sub
541 449 764 530 imperatoribus
779 446 850 508 verb
866 470 918 530 per

223 555 314 592 annos
332 533 553 614 quadringentos
572 528 697 612 septem,
717 530 784 589 crim
799 529 917 591 diversa

224 613 397 695 Reipublicae
418 611 532 671 fortuni
551 613 634 670 multi
652 613 798 692 Principes
820 614 917 692 impe-

225 714 340 764 rarent,
367 691 533 752 accesserunt
558 712 654 752 tamen
683 693 823 752 Romano
850 693 917 752 orbi

226 778 312 856 Alpes
327 777 476 834 maritimae
488 821 499 843 ,
519 774 605 854 Alpes
620 772 728 834 Cottiae
739 821 751 844 ‚
771 771 915 844 Rhaetiae,
984 793 989 798 ·

217 857 342 917 ⁴Norica:
361 880 368 913 ε
388 857 564 926 Pannoniae,
590 856 729 925 Mocsiae3
761 863 789 915 δι
819 857 918 916 omnis

227 959 277 997 ora
301 937 430 998 Danubii
454 940 484 996 in
511 939 670 1016 provincias
696 933 737 994 est
765 935 883 998 redadba
909 959 918 994 t

227 1019 333 1078 Pontus
357 1021 477 1088 omnis,
503 1019 641 1078 Armenia
664 1023 782 1096 major,
809 1017 919 1078 Oriens

227 1119 302 1160 totus
316 1122 380 1159 cum
393 1098 478 1158 Meso
498 1096 628 1168 otamii,
642 1095 698 1156 Aff
712 1095 773 1168 rii,
788 1098 918 1168 Atabidt,

228 1191 255 1241 ὅτ
279 1181 444 1261 AErtypto,
478 1121 528 1239 iub
557 1181 668 1261 imperii
693 1121 826 1238 llornani
856 1184 920 1259 jura

226 1265 362 1322 transivit.

269 1343 327 1402 IV.
351 1343 420 1418 Quo
448 1359 541 1402 eutem
569 1339 668 1400 ordine
694 1343 736 1400 sin
761 1341 823 1401 ulas
845 1361 920 1423 pro·

227 1424 335 1482 vincias
360 1423 494 1481 Romana
517 1419 672 1502 respublica
700 1360 824 1481 alfficuta
849 1424 920 1492 sit,

229 1501 386 1562 ostenditur
411 1505 460 1562 ita.
483 1502 579 1562 Prima
603 1502 817 1582 provinciarum
846 1501 924 1561 Sici-

229 1585 270 1642 lia
284 1583 359 1644 fudia
379 1581 427 1659 est.
449 1583 524 1644 Eam
540 1581 614 1644 vidlo
627 1582 780 1653 Hierone,
805 1580 924 1644 Siculoss

186 1681 189 1692 ²
229 1665 323 1724 lorum
353 1685 443 1763 rege,
470 1664 622 1724 Marcellus
652 1661 752 1724 consul
782 1664 923 1726 obtinuit.

232 1744 345 1803 Deinde
380 1766 396 1804 a
420 1745 586 1806 Praetoribus
620 1747 708 1824 reeta,
730 1743 794 1815 ell3
824 1743 925 1824 posted

230 1823 378 1884 co'mmiffa
395 1823 434 1882 est
445 1825 612 1884 Praesidibus
635 1847 641 1880 ε
661 1847 737 1885 nunc
756 1823 774 1886 *a
793 1825 922 1900 Consu-¹

230 1903 335 1963 laribus
354 1903 572 1965 administratur.
592 1904 756 1966 Sardiniam
776 1914 804 1966 δι
828 1911 927 1968 Corsi-

231 1999 290 2042 cam
310 1984 445 2044 Metellus
462 1987 531 2045 vicit
551 2008 561 2057 3
581 1983 767 2065 triumphavit
788 1987 824 2046 de
848 1989 925 2049 Sat-

232 2064 303 2134 dis3
331 2065 501 2126 rebellavdre
524 2066 593 2148 saepe
617 2066 707 2126 Sardi.
734 2067 840 2130 Junsta
865 2070 925 2129 ad-

232 2144 402 2207 ministratio
424 2146 524 2208 harum
544 2147 698 2208 insularum
718 2147 840 2208 fuerat:
862 2149 930 2230 post

232 2223 296 2285 suos
315 2228 449 2288 Praetores
470 2228 594 2288 habuit:
615 2249 689 2286 nunc
709 2229 830 2312 singulae
849 2231 929 2290 Prae-

232 2306 338 2366 sidibus
368 2331 397 2367 re
420 2329 511 2369 untur.
539 2309 573 2369 ln
596 2310 752 2387 Africam,
782 2331 835 2390 pro
869 2311 927 2370 de-

233 2385 362 2445 fensione
390 2331 549 2449 diculorum
570 2436 579 2462 ‚
603 2391 738 2450 Romana
760 2389 929 2454 transmiffa

233 2464 297 2526 sunt
309 2468 404 2548 tigna.
426 2469 486 2528 Ter
504 2471 602 2531 Africa
621 2471 769 2530 rebellavit
788 2495 795 2528 ι
816 2471 854 2532 ad
876 2495 930 2532 ex·

233 2563 353 2604 tremum
371 2594 383 2616 ‚
407 2549 499 2610 deleti
523 2573 570 2630 per
593 2552 625 2611 P.
651 2553 698 2613 Sci
719 2553 820 2612 ionem
842 2553 928 2614 Car-

234 2624 377 2709 thagine,
403 2634 548 2706 provincia
574 2631 649 2692 facta
673 2573 717 2692 ed
735 2657 742 2690 :
766 2655 845 2694 nunc
874 2633 928 2695 sub

233 2705 453 2769 Proconsulibus
485 2715 553 2794 agit.
583 2713 722 2772 Numidia
755 2715 793 2772 ab
824 2717 930 2776 amicis
990 2723 1002 2740 “

234 2787 346 2868 tegibus
367 2790 516 2850 tenebatur
531 2815 537 2850 ε
553 2790 601 2852 sed
621 2789 787 2874 Jugurthae,
811 2796 852 2854 ob
876 2818 931 2856 ne-

234 2887 311 2926 catos
335 2865 530 2932 Adherbalem
555 2882 582 2933 &
607 2870 807 2953 Hiempsalem
827 2921 840 2946 ,
862 2877 930 2938 Mi-
