2110 3666
250 283 317 410 3¹16
374 318 496 388 Aut.
526 273 813 390 Vrcronrr

247 439 316 500 stem
329 487 341 510 ,
365 440 454 500 multa
476 457 642 500 ornamenta
687 458 872 508 emmarum3
896 459 931 498 ac

268 544 297 580 et
324 521 394 580 duos
418 522 568 580 continuos
592 460 699 580 menaes
721 519 848 579 venditio
871 516 929 578 ha-

247 543 308 661 bita
327 599 385 673 est,
408 601 584 682 multumque
603 604 662 660 auti
682 600 837 660 redaeum.
863 593 932 658 Post

247 684 399 742 vistoriam
421 685 517 742 tamen
541 681 715 761 emptoribus
737 682 825 761 pretia
845 679 929 739 resti-

249 765 326 832 tuit,
350 765 400 843 qui
425 761 539 822 reddere
564 778 727 842 comparata
755 762 930 830 voluerunt,

249 841 381 903 molestus
402 843 472 902 nulli
486 841 564 912 fuit,
587 843 638 923 qui
654 841 754 900 maluit
773 839 859 900 semel
872 862 932 900 em-

249 944 298 1009 pta
320 925 447 982 retinere.
475 923 568 1000 Hujus
591 942 717 1000 tempore
735 921 852 982 Cassius
879 941 930 1002 ty·

250 1004 398 1064 rannidem
425 1005 588 1083 arripiens,
619 1001 766 1062 exstinllus
791 1001 838 1062 est.
869 1001 933 1082 lpse

250 1089 315 1144 virae
341 1106 417 1146 anno
447 1085 684 1166 quinquagesimo
715 1105 824 1154 nono,
857 1083 934 1163 apud

250 1166 459 1225 Vindobonam
483 1165 585 1224 morbo
612 1162 791 1243 consumptus
814 1160 861 1223 est.
887 1163 934 1224 De

252 1251 310 1324 ejus
328 1265 419 1306 morte
434 1247 538 1304 nuncio
551 1245 677 1304 Romam
690 1247 841 1324 pervedlo,
863 1266 935 1304 con-

253 1325 316 1386 fusd
334 1328 411 1386 luctu
424 1325 537 1406 publico
550 1325 653 1394 Urbe,
675 1325 793 1385 Senatus
811 1326 841 1382 in
856 1324 935 1386 curid

253 1406 327 1464 veste
348 1405 420 1466 terrai
443 1407 585 1475 amictus,
610 1406 768 1484 lacrymans
789 1407 933 1466 convenit.

254 1487 293 1547 Et
314 1486 391 1567 quod
415 1486 449 1546 de
470 1483 596 1548 Romulo
616 1487 690 1568 aegrl
715 1483 851 1545 creditum
871 1483 934 1558 est,

254 1587 354 1629 omnes
376 1570 434 1648 pari
456 1564 538 1628 sensu
565 1563 818 1646 presumpserunt,
845 1567 935 1625 Mar-

255 1670 320 1708 cum
338 1649 410 1708 coelo
425 1661 566 1726 receptum
586 1643 647 1707 elle.
674 1647 724 1706 Ob
740 1651 818 1724 cujus
836 1643 935 1706 hono-

255 1751 316 1790 rem
332 1730 458 1808 templa,
479 1729 636 1798 columnae,
648 1727 791 1809 multaque
803 1727 860 1786 alia
880 1727 935 1786 de-

254 1829 329 1869 creta
351 1808 423 1868 sunt.

296 1889 394 1949 XVII.
416 1887 544 1949 Aurelius
563 1889 745 1950 Commodus
762 1887 856 1948 Marci
873 1889 938 1952 An-

257 1971 350 2030 tonini
379 1967 474 2036 filius,
501 1969 662 2030 Antoninus
688 1979 715 2029 δι
739 1968 796 2050 ipse
821 1970 938 2044 didus,

257 2051 406 2131 imperavit
422 2070 510 2110 annos
528 2050 669 2109 tredecim.
694 2049 752 2109 Hic
774 2051 864 2130 qualis
884 2051 937 2111 fu-

171 2189 174 2196 .
258 2151 335 2192 turus
358 2127 446 2201 effer,
478 2133 508 2192 in
530 2127 591 2210 ipso
621 2130 775 2210 primordio
804 2130 937 2192 ostendit.

258 2213 338 2273 Nam
359 2209 423 2272 crim
447 2213 477 2271 in
503 2207 637 2290 supremis
662 2230 821 2272 moneretur
843 2209 860 2270 ir
880 2234 937 2292 pa-.

258 2313 362 2378 rente,
384 2293 492 2352 attritos
509 2295 568 2370 jam
584 2292 716 2351 barbaros
737 2313 773 2350 ne
787 2294 938 2370 permitte-

259 2393 300 2433 ret
314 2376 386 2432 vires
398 2375 539 2452 recipere,
554 2369 716 2451 respondit,
737 2373 783 2431 Ab
800 2373 940 2434 incolumi

259 2456 389 2536 quamvis
408 2453 542 2531 paulatim
557 2455 672 2536 negotia
690 2451 784 2532 perfici
802 2449 903 2530 polle,
921 2453 941 2514 a

261 2554 374 2594 mortuo
393 2529 473 2592 nihil.
487 2531 592 2590 Saevior
610 2533 742 2592 omnibus
759 2531 877 2592 libidine
893 2554 943 2594 at-

260 2637 314 2698 que
328 2610 444 2673 avaritid
455 2657 467 2681 ,
488 2610 648 2674 crudelitate
663 2638 668 2670 :
683 2613 752 2672 nulli
766 2611 861 2683 fidus,
879 2636 942 2676 ma-

260 2694 358 2778 gisque
371 2697 401 2756 in
415 2714 462 2752 eos
476 2711 557 2751 atrox
571 2738 581 2764 ‚
602 2715 673 2775 quos
688 2695 868 2774 amplissimis
887 2692 943 2756 lto-

260 2775 376 2837 noribus
396 2770 532 2854 donisque
557 2776 717 2856 ingentibus
737 2775 881 2836 extulerat.
905 2775 941 2838 In

261 2869 371 2920 tantum
382 2855 562 2938 depravatus,
574 2873 603 2915 ut
614 2855 788 2940 gladiatoriis
798 2858 882 2918 armis
893 2853 942 2916 sae-
