2142 3664
248 281 330 368 264'
388 279 516 348 Avi.
559 266 779 350 Vi'croi
827 309 829 314 ·

246 401 311 460 culo
334 397 454 460 educunt
476 401 558 458 nodie
583 394 789 476 intemperati,
810 394 925 476 teloque

246 482 404 558 trajicitur,
425 477 591 558 cujusnam,
613 499 660 556 pet
680 477 806 536 tenebras
828 478 923 536 incer·

247 580 318 618 tum.
348 560 391 619 Ita
416 561 536 618 austeris
559 559 633 618 necis
656 579 769 627 estote,
795 579 832 617 an
877 561 925 618 uia

247 640 326 700 bono
340 640 453 719 publico
467 639 624 710 acciderat,
644 639 732 698 inulta
751 637 839 696 caedes
856 580 923 700 init.

248 721 422 801 Quanquam
446 719 481 780 εὸ
504 720 627 799 prolapsi
649 739 742 778 mores
768 715 857 789 sunt,
882 721 925 779 uti
1007 765 1010 770 -

248 799 324 873 suo,
344 803 428 881 quim
443 801 633 880 Reipublicae,
651 796 796 881 magisque
816 818 921 878 poten-

247 883 292 942 tiae
304 927 314 952 ,
328 880 414 962 quim
425 883 519 964 gloria}
530 880 621 940 studio
637 885 726 959 plures
736 899 832 962 agant.
844 878 925 940 Hinc

248 983 362 1044 quoque
379 984 468 1024 terum
487 963 529 1021 vis
549 983 581 1020 ac
603 963 752 1022 nominum
770 980 922 1039 corrupta,

193 1103 194 1107 ,
248 1041 313 1102 uim
329 1043 490 1124 plerumque
506 1045 600 1122 potior
616 1043 725 1124 flagitio
737 1086 746 1112 ,
758 1042 819 1100 ubi
837 1043 923 1102 armis

248 1121 439 1203 superaverit',
461 1121 636 1203 tyrannidem
654 1141 782 1182 amotam
796 1122 923 1182 vocave-

249 1206 309 1274 rit,
329 1203 433 1266 damno
450 1205 562 1283 publico
577 1199 724 1283 oppreffos.
740 1203 820 1278 Quin
836 1205 923 1263 etiam

249 1285 387 1364 aliquanti
404 1285 462 1362 pari
475 1282 592 1344 libidine
610 1285 640 1342 in
659 1281 806 1344 caelestium
822 1304 924 1344 nume-

249 1385 311 1424 tum
324 1363 475 1422 referuntur
485 1410 496 1434 ,
506 1363 577 1444 aegre
594 1361 729 1444 exsequiis
742 1363 772 1422 di
793 1365 831 1426 ni.
850 1365 924 1441 Quis

193 1471 196 1482 ¹
249 1446 279 1503 ni
299 1441 368 1504 fides
386 1465 477 1504 rerum
503 1441 642 1525 gestarum
661 1385 831 1514 obstitissit,
860 1467 923 1525 quae

248 1545 339 1606 neque
357 1522 486 1586 honestos
505 1527 624 1604 praemiis
642 1527 786 1589 memoria:
801 1523 924 1586 frustrari

249 1608 337 1676 sinit,
361 1627 451 1688 neque
470 1606 607 1686 impiobis
625 1626 755 1666 aeternam
775 1604 924 1668 illustsem-

250 1709 305 1768 que
323 1687 431 1748 famum
448 1686 619 1767 procedete,
644 1707 679 1748 ne
697 1688 828 1767 cuiquam
845 1707 924 1766 pete-

248 1788 322 1826 retur
339 1771 425 1828 virtus
445 1790 452 1824 ε
471 1768 535 1826 ciim
555 1787 650 1828 verum
668 1766 737 1827 illud
758 1775 840 1848 'atque
858 1770 946 1826 uni--

250 1869 314 1908 tum
331 1847 413 1908 decus
430 1851 549 1926 pessimo
566 1849 664 1928 cuique
681 1846 771 1930 gratii
787 1849 923 1908 tribuere-

249 1946 316 1998 tur,
332 1928 477 2008 demptum
495 1929 581 2006 impie
595 1928 685 1988 bonis.
706 1929 835 2009 Denique
850 1928 924 1988 Gal-

249 2008 354 2068 lienum
382 2007 489 2068 subusti
515 2005 531 2065 *a
553 2007 677 2068 Claudio
702 2009 821 2080 Patres,
845 2008 924 2089 quud

250 2093 308 2167 ejus
333 2090 447 2150 arbitrio
471 2088 624 2168 Imperium
651 2085 783 2169 cepiffet,
813 2090 924 2152 Divum

249 2170 350 2230 dixere.
383 2169 461 2230 Nam
488 2168 552 2233 cum
581 2172 717 2250 profluvio
746 2168 921 2308 sanffuinis,

249 2252 434 2312 vulneretam
449 2253 551 2333 gravi,
567 2270 686 2313 mortem
705 2251 758 2310 sibi
773 2274 789 2310 a
810 2247 862 2310 effe
880 2253 924 2312 in·

250 2331 409 2424 telligeret,
433 2333 554 2414 insignia
574 2331 690 2411 Imperii
710 2331 746 2392 ad
767 2331 924 2394 Claudium

251 2409 454 2480 destinaverat,
469 2409 574 2470 honore
587 2410 759 2472 Tribunatiis
771 2413 866 2472 Ticini
879 2435 924 2472 re-

250 2495 386 2552 tinentem
400 2492 596 2571 praesidiariam
614 2514 738 2554 manum.
754 2494 841 2570 Quod
857 2492 925 2554 sani

253 2592 417 2641 extortum,
439 2569 508 2630 'cum
531 2593 621 2653 neque
644 2573 769 2632 Gallieni
791 2577 924 2658 flagitia,

252 2652 321 2712 dum
349 2651 429 2710 urbes
456 2670 534 2712 erunt
548 2700 560 2723 ,
586 2654 721 2714 occultari
745 2675 872 2734 queant3
897 2666 926 2717 &

224 2765 226 2768 ·
251 2731 369 2814 quisque
383 2734 516 2812 pessimus
530 2736 604 2802 erit,
626 2755 675 2813 par
689 2735 842 2817 similisque
856 2735 927 2797 sem·

252 2834 302 2895 per
323 2815 376 2896 ipsi
396 2811 551 2898 iubebitur.
566 2813 658 2899 ‘Adeu
681 2816 820 2899 Piincipes
843 2838 927 2898 atque

816 2899 929 2980 Optimi
