2134 3668
345 321 527 392 [IMR
561 325 636 390 IX.
765 347 830 412 109

152 441 184 502 in
210 438 360 522 conspedlu
385 439 519 501 exercitiis
546 463 633 504 manu
658 441 833 504 Diocletiani

152 519 288 602 perculsus
306 521 353 582 est.
373 521 471 582 Postea
486 523 645 596 Carinum,
667 527 748 584 omni
761 526 831 585 odio

152 612 180 662 δι
204 601 384 663 detestatione
409 605 576 676 viventem,
599 605 671 685 apud
694 607 830 689 Margum

120 718 124 723 ·
152 685 262 768 ingenti
280 686 375 765 praelio
390 687 478 754 vicit,
499 685 640 766 proditum
658 686 694 746 ab
711 690 832 748 exercitu

152 763 225 836 suo,
245 786 329 846 quem
348 765 494 824 fortiorem
514 765 636 827 habebat
658 791 664 824 :
686 769 758 826 certd
780 768 831 828 de-

152 843 277 916 sertum,
299 848 370 906 inter
392 847 585 907 Viminacium
604 867 687 930 atque
705 852 830 910 Aureum

152 946 292 986 montem.
314 927 358 986 Ita
377 947 467 986 rerum
489 927 682 988 Romanarum
704 933 831 1009 potitus,

154 1008 219 1066 crim
239 1008 390 1066 tumultum
409 1007 538 1068 rusticani
558 1012 588 1070 in
612 1007 708 1070 Gallia
730 1014 830 1070 couci·

154 1085 273 1160 tillem,
295 1098 322 1149 δι
344 1087 462 1148 fastioni
484 1087 537 1150 suae
557 1091 754 1173 Bagaudarum
777 1114 832 1152 no-

154 1191 221 1228 men
245 1171 444 1250 imponerent,
470 1171 552 1232 duces
577 1191 671 1232 autem
698 1170 832 1234 haberent

154 1251 318 1312 Amandum
346 1261 373 1312 δι
396 1251 565 1324 AElianum,
596 1253 632 1313 ad
661 1251 832 1337 subigendos

156 1353 204 1392 eos
217 1333 427 1392 Maximianum
440 1333 605 1394 Herculium
620 1334 761 1396 Caesarem
775 1339 833 1396 mi-

73 1426 77 1432 “
154 1415 210 1485 sit,
228 1417 277 1495 qui
299 1415 406 1474 levibus
431 1417 529 1494 praeliis
555 1415 673 1500 agrestes
697 1416 830 1490 domuit,

154 1504 182 1556 δι
205 1515 302 1575 pacem
320 1495 421 1556 Galliae
443 1496 616 1557 reformavit.

194 1575 287 1637 XXI.
307 1577 359 1636 Per
382 1575 440 1635 haec
458 1595 585 1657 tempora
608 1580 694 1636 etiam
719 1579 833 1640 Carau-

153 1659 232 1726 sius,
253 1659 303 1738 qui
322 1657 456 1716 vilissimi
472 1677 571 1730 natus,
591 1656 704 1718 lirenuae
724 1662 832 1720 militiae

154 1738 254 1798 ordine
276 1738 384 1798 famam
412 1739 553 1822 egregiam
584 1737 673 1798 fuerat
692 1739 831 1800 consecu-

153 1839 221 1890 tus,
248 1819 312 1878 crim
340 1819 413 1900 apud
440 1819 599 1880 Bononiam
629 1840 677 1900 per
711 1826 830 1884 crastum

152 1901 273 1996 Belgicae
293 1911 320 1962 &
338 1901 492 1960 Armoricae
511 1900 669 1982 pacandum
688 1921 764 1963 mare
783 1927 832 1965 ac-

153 1979 287 2063 ceprllet,
305 1983 384 2064 quod
404 1983 503 2042 Franci
523 1983 691 2044 &Saxones
711 1983 829 2046 infesta-

152 2063 250 2134 bant,
274 2065 367 2124 multis
395 2063 517 2123 barbaris
541 2060 611 2144 saepe
642 2067 752 2145 captis,
780 2087 832 2127 nec

152 2145 244 2228 ptaedai
266 2143 374 2228 integri
395 2165 444 2204 aut
463 2145 680 2224 provincialibus
701 2145 831 2219 redditi,

153 2246 203 2287 aut
228 2226 445 2306 Imperatoribus
472 2222 585 2294 miss⁶23
616 2223 679 2282 crim
711 2224 831 2307 suspicio

152 2305 206 2368 else
223 2304 365 2388 coepillet,
385 2303 515 2366 consultb
527 2305 564 2364 ab
583 2325 618 2364 eo
635 2305 747 2366 admitti
768 2309 831 2370 bar-

153 2389 258 2459 batos,
280 2407 311 2448 ut
327 2385 497 2449 transeuntes
521 2407 585 2446 cum
607 2386 698 2466 praedd
719 2391 830 2470 excipe·
863 2433 865 2436 -

152 2491 213 2541 ret,
236 2490 319 2552 atque
347 2467 400 2528 hac
425 2467 453 2528 se
482 2470 633 2528 occasione
661 2469 786 2542 ditaret3
815 2470 832 2532 it

109 2623 112 2630 Ι
150 2553 333 2612 Maximiano
353 2547 436 2630 jussus
453 2549 567 2620 occidi,
585 2569 734 2630 purpuram
752 2549 831 2613 sum·

152 2635 231 2716 peit,
250 2643 277 2694 8t
298 2632 454 2690 Britannias
468 2632 625 2710 occupavit.

192 2713 290 2774 XXII.
311 2711 354 2772 lta
374 2710 437 2770 crim
454 2731 502 2792 per
523 2731 639 2771 omnem
659 2711 756 2770 orbem
775 2731 840 2772 ter-·

152 2815 246 2854 rarum
272 2815 314 2856 res
339 2793 454 2854 turbatae
483 2789 590 2863 client,
618 2791 770 2853 Carausius
800 2795 830 2860 itt

150 2877 302 2938 Britanniis
315 2875 478 2948 rebellaret,
487 2870 630 2939 Achilleus
643 2875 673 2934 in
682 2873 829 2958 AEgypco‚
