2134 3668
186 290 242 340 Μ
263 273 380 358 Vrurs
399 293 686 345 rurusrurous.
718 285 782 360 167

107 393 211 472 quiniis
225 391 363 472 professus
374 394 500 454 Romam
514 395 602 474 periit.
615 394 786 456 Advenienti

108 473 204 552 aquila
224 475 328 553 pileum
349 473 476 546 sustulit,
496 485 542 546 &,
562 475 626 536 crim
646 476 702 536 asts
725 475 788 536 sub-

109 549 244 625 volasset,
266 553 397 634 reposuit.
420 556 564 638 Tanaquil
584 562 710 635 conjux,
731 579 788 616 au-

111 636 254 716 guriorum
275 639 382 714 perita,
403 658 521 721 regnum
541 639 567 696 ei
588 638 715 717 portendi
738 641 787 696 in-

111 715 225 777 tellexit.
256 716 428 798 Tarquinius
458 716 576 796 pecunia
599 727 627 778 δι
656 716 808 778 industris.

112 796 301 876 dignitatem,
327 817 411 876 atque
434 801 519 858 eriam
541 799 616 858 Anci
641 801 713 881 regis
739 797 788 858 sa-

112 878 305 944 misiaritarem
327 875 491 938 consecutus
516 876 562 938 ess.
583 880 611 938 A
635 879 693 959 quo
716 898 792 938 tutor

114 957 208 1017 liberis
228 958 356 1028 relictus,
380 979 497 1040 regnum
518 961 683 1038 intercepit,
706 969 733 1018 &
753 961 792 1020 ira

114 1036 342 1108 administravit,
366 1041 447 1120 quasi
466 1045 524 1119 jure
548 1038 670 1120 adeptus'
690 1037 791 1099 fuisset.

114 1119 242 1183 Centum
258 1119 352 1180 Patres
363 1121 392 1180 in
406 1120 525 1182 Curium
535 1121 625 1202 legit,
637 1123 686 1201 qui
699 1121 795 1180 Mino·

115 1220 178 1259 rum
190 1199 327 1262 Gentium
342 1199 405 1261 sunt
420 1203 560 1282 appellati.
574 1202 709 1282 Equitum
722 1221 793 1260 cen-

117 1282 203 1340 turias
223 1302 339 1342 numero
353 1281 529 1361 duplicavit,
550 1285 667 1342 nomina
687 1303 795 1342 mutare

117 1383 177 1444 non
191 1364 300 1441 potuit,
318 1362 390 1424 Attii
404 1365 491 1424 Navis
506 1367 617 1447 auguris
629 1366 796 1424 aussoritate
814 1389 818 1401 ¹

119 1441 287 1514 deterritus»
310 1446 359 1524 qui
383 1442 468 1504 fidem
488 1449 557 1504 ¹artis
579 1443 635 1504 suae
658 1443 799 1504 novaculis

119 1531 146 1584 ὃ(
177 1544 249 1598 cote·
270 1522 401 1585 firmauit.
432 1527 549 1586 Latinos
577 1525 652 1584 besso
678 1525 797 1584 domuit.

121 1603 238 1667 Circum
262 1607 417 1665 maximum
437 1604 594 1666 aedificavit.
617 1605 712 1664 Ludos
733 1625 798 1664 rna-

122 1705 197 1768 gnos
216 1683 348 1744 nstituit..
362 1685 408 1744 De
437 1686 597 1746 Sabinis&
616 1683 718 1744 Priscis
738 1686 799 1744 La·

122 1766 191 1826 tinis
212 1762 403 1845 triumphavit.
425 1767 542 1826 Murum
559 1765 704 1846 lapideum
726 1767 801 1828 Urbi

123 1845 313 1912 circumdedit.
329 1847 433 1906 Filium
443 1869 506 1908 ·x11
517 1868 538 1908 1.
553 1868 706 1918 annorum,
723 1845 802 1928 quod

124 1929 155 1986 in
185 1928 279 2006 praelio
306 1925 414 1986 hostem
444 1925 639 2009 percussisset,
673 1926 802 2008 praecextsr

124 2007 255 2088 buliique
275 2008 411 2078 donavit,
435 2009 509 2070 unde
532 2007 591 2068 haec
616 2011 802 2092 ingenuorum

125 2109 274 2168 puerorum
289 2091 418 2172 insignia
437 2087 488 2149 esse
511 2109 659 2169 coepcruut.
683 2089 748 2148 Post
767 2090 804 2148 ab

126 2171 202 2236 Anci
220 2170 336 2240 liberis,
358 2171 491 2230 immissis
513 2167 737 2250 percussoribus,
757 2189 805 2250 per

128 2249 227 2314 dolum
249 2271 336 2392 regno
354 2270 450 2310 exutus
472 2259 499 2310 &
517 2249 677 2309 interfessus
697 2249 743 2308 est.

170 2331 250 2390 VlI.
271 2377 272 2380 η
294 2333 382 2390 etvius
404 2330 515 2390 Tussius
538 2332 569 2390 P.
591 2330 804 2402 Corniculani,
893 2400 897 2407 N

129 2421 157 2472 ὃ(
181 2413 302 2472 Ocresiae
326 2413 440 2490 captivae
462 2409 559 2482 silius,
582 2409 697 2470 crimin
717 2411 806 2470 domo

130 2493 280 2573 Tarquinii
300 2491 385 2552 Prisci
405 2492 581 2560 educaretur,
604 2495 733 2550 flummae·
745 2489 808 2571 spe-

132 2577 187 2636 cies
219 2592 300 2650 caput
333 2577 390 2648 ejus
423 2574 552 2651 amplexa
579 2571 625 2630 est.
653 2572 720 2631 Hoc
746 2570 809 2631 visu

129 2655 275 2734 Terraquil
306 2650 447 2710 summam
479 2653 645 2736 dignitatem
681 2653 809 2732 portendi

131 2735 276 2794 intellexit.
298 2732 427 2814 Conjugi
448 2730 533 2794 suasit
556 2753 588 2792 ut
606 2735 647 2792 ira
668 2753 752 2802 eum,
779 2751 810 2792 ut

131 2816 234 2876 liberos
260 2813 345 2886 suos,
368 2813 503 2873 educaret.
535 2815 595 2892 Qui
625 2811 689 2872 crint
713 2813 810 2872 adole-
