2110 3666
146 367 150 372 ·
253 347 323 432 368
399 341 592 412 Sexta
629 343 781 414 Rura

252 461 298 524 sus
311 461 347 524 ad
362 461 535 534 Orientem,
551 463 614 522 crim
629 483 675 542 per
689 461 863 540 majestatem
878 459 939 525 Ro·

245 546 333 614 ,mani
351 545 477 604 nominis
491 542 575 603 facist
588 543 687 603 cuncta
700 541 837 615 sedisset,
853 565 939 626 atque

252 627 279 684 ei
297 623 325 685 sc
343 623 495 693 Armenii,
515 625 565 706 qui
580 642 647 684 tunc
666 627 802 704 temporis
814 625 940 685 validio-

250 725 293 766 res
313 723 391 764 etant
410 701 544 775 Parthis,
560 697 754 776 ‘dedidiss‘ent,
777 703 939 786 judicesque

251 805 286 847 ex
302 783 428 846 instituto
448 785 578 866 Pompeii
596 784 675 846 dietis
694 785 827 870 gentibus
846 786 938 849 Caice

132 883 138 890 '
252 864 349 930 Caesar
362 863 512 946 praeficeret
526 889 535 937 3
550 866 681 926 Domnes
693 863 812 948 quidam
824 913 836 937 ,
849 889 937 949 quem

252 967 301 1008 rex
319 947 461 1031 Artageris
484 944 692 1026 praeposuerat,
733 947 874 1006 toditione
898 951 940 1009 si·

252 1025 382 1098 mulatd,
405 1026 555 1097 libellum,
577 1028 607 1086 in
628 1049 686 1110 quo
705 967 799 1107 sdripti
811 1025 939 1090 thesauri

252 1112 484 1178 continerentur,
505 1107 618 1168 obtulit.
640 1108 737 1184 Quem
755 1105 820 1166 crim
837 1107 940 1188 Impe-

254 1209 330 1250 rator
354 1189 501 1248 Romanus
529 1187 634 1327 Ιῗετετ
655 1186 787 1248 intentids
809 1232 833 1260 ,.
848 1189 940 1250 cultro

161 1273 164 1282 ¹
257 1269 437 1349 [Domnes]
453 1267 539 1352 adgre
561 1289 592 1327 us
605 1289 671 1328 eum
690 1267 857 1330 vulneravit
871 1270 941 1330 Per.

253 1347 344 1418 eussot
370 1348 487 1430 quidem
508 1345 525 1406 *a
546 1349 684 1408 militibus
705 1344 847 1408 confoss'us
871 1349 939 1421 est3

254 1429 345 1491 Caius
355 1449 387 1488 ex
396 1429 526 1499 vulnere,
536 1426 667 1512 regressus
677 1430 708 1488 in
715 1429 842 1510 Syriam,
853 1431 938 1492 obiit.

254 1508 352 1572 Parthi
373 1508 410 1570 ad
429 1506 650 1570 satisfactionem
667 1527 727 1569 tam
748 1509 860 1570 audacis
880 1510 937 1571 ad·
966 1509 972 1524 ’

255 1593 362 1663 missi,
390 1589 513 1650 obsides·
530 1609 597 1650 tunc
620 1588 744 1670 primdm
774 1589 941 1655 Ostaviano

255 1671 368 1734 Caesare
380 1670 538 1742 dederunt,
559 1677 587 1731 ει
603 1689 696 1750 erepta
714 1668 765 1730 sub
780 1667 882 1732 Ctass‘o
900 1675 941 1734 si·

255 1765 313 1894 {na
329 1753 488 1812 tetulerunt.
506 1751 615 1811 Pacatis
636 1749 767 1892 glendbus
786 1751 940 1825 Orientis,

284 1831 397 1916 ugustus
422 1831 518 1892 Caesat
537 1834 624 1894 etiam

256 1935 324 1975 uem
344 1915 448 1993 primus
466 1915 581 1992 accepit.

295 1993 368 2059 XX.
391 1993 490 2064 Nero,
510 2014 594 2074 quem
607 1995 798 2074 turpissimum
810 1994 939 2076 impera-

256 2093 349 2138 torem
363 2073 495 2135 Romana
518 2072 557 2134 est
573 2071 648 2158 passa
665 2073 842 2156 respublica,
864 2079 942 2138 ami-

256 2160 294 2219 sit
309 2157 456 2218 Armenias
473 2154 564 2216 duas:
579 2176 640 2216 tunt
655 2155 793 2217 Romanae
812 2156 943 2239 legiones

257 2238 318 2298 duat
335 2236 499 2319 subjugum
517 2235 534 2296 ὲ
550 2234 660 2297 Parthis
679 2234 788 2309 missae,
813 2257 941 2298 extremo

257 2318 393 2380 dedecore
406 2317 531 2376 Romani
549 2315 682 2378 exercitio
698 2315 872 2378 sacramenta
888 2318 942 2378 foe·

258 2397 367 2460 diruat.
383 2396 545 2478 Trajanus,
566 2400 615 2481 qui
631 2395 693 2478 post
708 2397 867 2481 Augustum
882 2399 943 2459 Ro-

257 2499 350 2541 manae
372 2479 530 2558 reipublice
551 2482 642 2540 movit
665 2478 808 2548 lacertos,
829 2479 941 2540 Arme·

258 2563 337 2622 niam
349 2561 452 2640 recepit
465 2557 601 2620 &Parthis
614 2583 621 2618 t
636 2558 747 2620 sublato
761 2558 942 2634 diademate,

259 2663 289 2704 re
312 2643 318 2657 '
347 2640 487 2702 Armeniae
517 2642 632 2720 majoris
666 2659 786 2724 regnum
821 2639 939 2702 ademit.

258 2662 379 2786 Addaia
391 2741 487 2806 regem
501 2720 579 2782 dedit
591 2745 598 2780 a
610 2721 728 2792 Iberos,
742 2716 943 2814 Bostrenum,

259 2801 419 2874 Colchos,
442 2804 472 2863 in
493 2799 579 2864 fidem
601 2801 739 2862 Romanae
761 2799 879 2862 ditionis
903 2822 945 2863 re·

260 2887 334 2982 cepit
348 2881 563 2950 :osroenorum
581 2874 646 2946 loca
662 2889 690 2946 δι
704 2879 836 2946 Arabum
852 2902 945 2946 occu·

663 1831 786 1924 udorum
811 1832 939 1915 legatio·
