2110 3666
234 299 300 362 320
349 274 471 342 Aur.
504 275 784 342 Vrcronrs

230 392 346 462 fronte,
372 401 399 452 δι
422 392 458 452 ad
477 388 580 452 levum
604 388 752 450 humetum
776 389 914 451 conversi

231 477 360 544 cervice,
384 472 462 553 quod
481 475 511 530 in
533 492 583 530 ore
606 471 761 532 Alexandri
787 491 912 530 notave-

232 575 296 624 rat,
315 554 444 614 incedens
459 597 469 623 ,
491 549 577 612 fidem
591 551 683 612 vultirs
697 552 837 612 simillimi
850 573 916 632 per-

234 631 359 694 suaderet
386 634 449 692 sibi.
482 633 547 692 Fuit
578 635 726 712 impatiens
754 633 880 692 libidinis
904 677 915 704 ,

235 717 337 794 quippe
355 719 405 795 qui
422 735 575 774 novercam
593 711 672 772 suam
689 714 768 772 duxit
785 733 913 772 uxorem.

236 794 314 855 Ctim
334 795 438 856 Carras
461 798 512 854 iter
536 794 663 865 faceret,
687 795 762 875 apud
781 791 915 854 Edessam

237 874 366 936 secedens
390 875 426 935 ad
448 877 540 936 officia
567 876 730 946 naturalia,
756 873 773 932 ὲ
796 877 915 945 milite,

237 960 286 1036 qui
302 959 381 1039 quasi
394 955 430 1016 ad
447 955 600 1016 custodiam
621 953 807 1036 sequebatur,
829 951 918 1014 inter-

238 1039 325 1098 fectus
342 1035 388 1097 est.
407 1037 491 1098 Vixit
511 1058 599 1096 annos
616 1035 673 1096 ferd.
692 1038 817 1119 triginta.
838 1035 919 1097 Cor-

238 1140 288 1200 pus
306 1123 365 1196 ejus
384 1117 509 1178 Romam
528 1118 644 1176 relatum
665 1115 711 1176 eit

279 1197 389 1258 XXII.
411 1201 555 1258 Macrinus
574 1220 639 1258 cum
655 1197 837 1258 Diadumeno
856 1195 919 1256 filio

240 1280 276 1338 ab
298 1281 418 1338 exercitu
432 1278 616 1358 Imperatores
633 1281 739 1348 creati,
762 1279 920 1358 imperave-

241 1379 304 1418 runt
323 1357 429 1418 menses
450 1360 687 1440 quatuordecim3
708 1369 735 1420 δι
759 1361 796 1419 ab
817 1359 920 1418 eodem

241 1443 363 1500 exercitu
382 1441 599 1512 obtruncantur,
616 1461 668 1520 pro
687 1462 743 1511 eo,
763 1439 841 1521 qubd
853 1441 923 1498 Ma-

243 1523 336 1580 crinus
370 1523 520 1582 militarem
556 1523 693 1582 luxuriam
728 1519 923 1602 stipendiaque

243 1601 401 1684 profusiora
426 1606 629 1682 comprimeret.

285 1683 524 1744 XXlll.Aurelius
534 1685 695 1745 Antoninus
706 1684 812 1744 Varius
823 1729 832 1754 ‚
845 1682 922 1742 idem

245 1763 332 1824 Helio
354 1765 450 1826 abalus
467 1765 556 1825 dictus
568 1810 577 1836 ,
588 1765 744 1826 Caracalla
761 1786 794 1824 ex
810 1761 923 1826 Soemed

247 1785 415 1903 consobrina
434 1845 543 1904 occulte
562 1843 683 1928 stuprati
699 1844 800 1918 filius,
827 1848 924 1926 impe-

246 1927 318 1983 ravit
348 1925 463 1984 biennio
492 1934 519 1984 δι
551 1927 692 1986 mensibus
722 1929 798 1986 octo.
831 1927 925 2005 Hujus

246 2006 345 2066 mattis
370 2005 486 2075 Soemeae
515 2027 582 2066 avus
608 2007 755 2068 Bassianus
780 2011 925 2076 nomine,

248 2085 341 2146 fuerat
364 2086 437 2147 Solis
464 2085 617 2158 sacerdos,
646 2109 730 2169 quem
755 2085 925 2156 Phoenices,

249 2167 323 2226 unde
341 2187 419 2238 erat,
441 2167 528 2226 Helio
550 2169 664 2228 abalum
682 2170 891 2239 nominabant,
911 2166 929 2227 ‘a

229 2311 234 2318 ,
271 2269 308 2306 uo
332 2247 380 2306 iste
403 2189 609 2330 Heliogabalus
631 2249 720 2308 diuus
746 2247 793 2308 cst.
815 2249 841 2310 Is
863 2249 928 2308 crim

249 2270 376 2388 domam
395 2329 503 2410 ingenti
519 2331 641 2390 militum
656 2339 682 2389 δι
700 2327 816 2389 Senatits
831 2328 930 2408 exspe-

251 2412 376 2468 eratione
392 2405 526 2479 venisset,
548 2412 654 2489 probris
670 2407 697 2468 se
715 2411 847 2470 omnibus
863 2431 931 2470 con-

252 2490 411 2548 taminavit.
428 2487 621 2569 Cupiditatem
633 2489 744 2570 stupri,
768 2512 854 2572 quarn
872 2491 929 2550 ad-

251 2567 331 2650 sequi
352 2587 454 2628 naturae
479 2568 591 2644 defectu
615 2593 673 2632 non
693 2591 825 2650 poterat,
849 2575 878 2630 in
901 2570 931 2630 se

252 2669 444 2720 convertens,
473 2651 604 2712 muliebri
630 2654 744 2712 nomine
767 2654 931 2712 Bassianum

254 2730 283 2793 se
306 2753 356 2812 pro
374 2731 508 2790 Bassiano
531 2729 642 2810 jufferat
665 2733 806 2811 appellati.
829 2731 933 2792 Vesta-

254 2814 311 2874 lem
334 2812 473 2895 virginem
498 2815 579 2896 quasi
601 2815 785 2876 matrimonio
812 2819 933 2898 jungens
