2142 3664
193 285 199 294 '
271 307 338 360 na
368 291 702 360 CAEsAaruus.
755 307 823 372 249

150 411 180 469 in
197 408 288 470 labem
305 409 447 490 publicam
468 428 516 488 per
536 409 741 486 conjurationes
760 425 826 484 pro-

148 490 311 561 cederetur,
331 491 367 550 ad
393 509 462 571 quas
485 490 555 548 vitio
577 507 735 566 temporum
759 489 825 546 ani·

108 582 110 586 ’
150 591 211 630 mos
237 571 412 654 intelligebat
439 593 446 626 r
472 590 562 628 neue
590 589 644 650 ego
673 568 767 626 abnuo
793 587 826 624 ea

149 649 344 720 deliciorum,
370 671 430 732 quae
457 591 567 733 grallari
592 647 745 708 immodice
773 667 828 706 coe·

148 733 260 810 perint,
280 731 340 809 plus
358 733 431 811 pene.
450 727 536 810 quim
561 727 653 788 severe
673 727 826 788 excidenda

148 807 210 870 else.
233 811 312 868 Felix
333 831 364 868 ac
390 809 531 891 prudens,
557 812 640 868 armis
663 811 797 888 ptaecipub
812 855 824 877 ,

149 890 250 960 aideb,
271 909 302 950 ut
321 890 398 948 nullo
417 886 560 972 congressu
579 891 633 948 nisi
653 891 745 948 vistot
763 889 824 949 dis-

150 967 285 1042 celserit,
309 973 469 1050 auxeritque
500 969 684 1049 Imperium,
712 967 826 1037 subaclo

149 1050 295 1112 Persarum
311 1071 375 1133 rege
388 1053 503 1110 nomine
519 1051 645 1132 Abgaro.
660 1049 761 1130 Neque
775 1053 829 1110 mi-

149 1153 201 1192 nus
228 1133 366 1201 Arabas,
396 1131 479 1192 simul
507 1129 619 1189 adortus
649 1147 680 1188 ut
705 1130 771 1201 est,
796 1133 827 1191 in

59 1222 61 1226 “
151 1211 288 1272 ditionem
306 1210 437 1296 redegit,
455 1213 603 1290 provinciae
621 1210 718 1270 modo.
737 1211 828 1272 Adia-

150 1293 224 1351 bena
239 1313 372 1374 quoque,
390 1295 420 1352 ni
438 1311 571 1351 tertarum
588 1294 691 1351 macies
707 1291 826 1372 despec-

150 1391 271 1444 taretut,
285 1377 315 1433 in
328 1371 489 1432 tributarios
502 1368 684 1440 concessisset.
702 1373 751 1432 Ob
768 1371 828 1432 haec

149 1472 227 1512 tanta
245 1455 419 1522 Arabicum,
431 1453 644 1512 -Adiabenicum
661 1451 830 1514 &Parthici
905 1503 907 1506 .

150 1553 344 1614 cognomento
360 1533 455 1591 Patres
466 1532 568 1590 dixere.
584 1531 638 1590 His
645 1533 761 1610 ,majora
775 1555 828 1616 ag-

150 1611 252 1694 gteffus
264 1657 272 1682 ,
283 1613 458 1671 Britanniam
470 1655 479 1681 ,
492 1631 554 1690 quac
568 1610 604 1668 ad
615 1631 647 1669 ea
658 1611 732 1671 utilis
746 1633 805 1670 etat
815 1658 828 1682 ,

150 1693 237 1772 pulsis
255 1689 401 1760 hostibus,
422 1711 505 1750 muro
520 1691 660 1762 munivit,
675 1711 722 1771 pet
740 1693 832 1752 trans·

149 1770 259 1831 versam
275 1770 395 1832 insulam
411 1769 514 1841 dudio,
529 1775 670 1852 utrimque
689 1772 724 1831 ad
742 1770 833 1835 finem
888 1829 890 1834 ,

150 1852 269 1914 Oceani.
289 1853 472 1930 Quinetiam
492 1851 626 1931 Tripoli,
649 1857 725 1930 cujus
747 1855 834 1934 Lepti

149 1934 255 2014 oppido
268 1935 428 2004 oriebatur,
443 1931 582 1993 bellicosae
596 1951 692 2012 gentes
706 1933 836 2000 submoa,¹
873 1947 875 1952 '

150 2033 183 2074 rae
196 2015 301 2094 procul.
318 2015 389 2090 Quae
403 2015 479 2074 fastu
493 2013 580 2072 ardua
595 2013 704 2074 facilius
724 2013 758 2074 eb
777 2037 832 2095 pa-

149 2095 322 2162 trabantur,
344 2115 402 2174 quo
423 2092 611 2172 implacabilis
632 2091 737 2153 deliciis
755 2094 831 2152 stre-

149 2195 238 2234 nuum
257 2193 396 2256 quemque
416 2174 538 2252 praemiis
558 2173 717 2233 extollebat.
732 2176 829 2235 Deni-

150 2275 205 2335 que
225 2275 260 2313 ne
280 2275 366 2334 parva
385 2254 534 2312 latrocinia
555 2253 670 2333 quidem
690 2257 830 2335 impunita
907 2305 908 2308 ,

149 2336 325 2416 patiebanu,
342 2336 372 2393 in
391 2331 455 2394 suos
474 2333 696 2393 animadvertens
717 2339 827 2418 magis,

149 2414 228 2496 qubd
242 2417 313 2474 vitio
332 2414 434 2474 ducum
445 2459 457 2483 ,
479 2432 528 2474 aut
549 2417 634 2473 etiam
653 2434 702 2495 per
720 2415 828 2476 fallio—

10 2513 11 2520 *
59 2552 61 2557 ,
150 2516 216 2554 nem
236 2493 297 2554 lieri
315 2498 358 2555 vir
379 2497 519 2574 experiens
538 2494 714 2577 intelligeret.
733 2495 830 2558 Philo-

149 2573 276 2654 sophiae,
288 2573 491 2644 declamandi,
511 2577 616 2636 cunetis
639 2573 779 2656 postremb
796 2581 829 2640 li·

149 2655 286 2714 beralium
307 2653 415 2714 deditus
439 2652 555 2725 studiis3
574 2655 705 2738 idemque
729 2659 778 2718 abs
799 2659 829 2720 se

149 2753 224 2794 texta
253 2753 354 2794 ornatu
385 2744 412 2795 &
438 2733 493 2793 fide
523 2738 636 2816 paribus
660 2736 832 2818 composuit.'
887 2758 889 2762 ·

148 2816 260 2899 Legum
281 2815 410 2878 conditor
430 2815 517 2897 longe
539 2817 728 2958 aequabillpunr.
750 2819 828 2880 Huic

687 2919 706 2959 v
