2134 3668
213 353 349 421 Orico
372 349 535 418 GENTJS
554 349 664 418 Rom.
719 371 779 436 145

149 467 186 531 X.
207 467 325 530 Addunt
342 487 471 550 praeterea
489 466 605 607 (puidam
618 465 744 527 AEneanr
756 470 787 528 in

109 573 144 610 eo
171 553 264 611 littore
289 551 393 610 Euxini
417 547 498 628 cujus
514 571 561 608 am
586 551 698 608 comitis
720 570 785 607 ma-

110 651 202 702 trem,
224 633 326 692 ultimo
346 631 433 690 aetatis
454 625 606 700 affesiam,
631 632 706 689 circa
729 627 786 687 sta-

110 734 222 794 gnum,
262 711 318 771 uod
336 709 375 770 est
391 713 461 769 inter
480 708 614 769 Misenon
629 711 789 770 Avernum-

133 813 166 851 ue
184 735 329 861 extulisse,
351 809 433 872 atque
453 791 518 850 inde
537 791 602 849 loco
621 811 726 850 nomen
746 794 790 850 in'-

111 816 225 944 ditum,
246 876 296 969 spui
312 872 397 930 eriam
414 892 487 930 nunc
504 871 638 930 Euxinius
655 873 728 930 sinus
747 873 791 931 di-

113 955 211 1013 citur:
234 972 353 1032 cumque
373 947 548 1030 comperisset
566 950 672 1012 ibidem
692 952 789 1032 Sibyl-

115 1036 173 1094 lam
188 1033 352 1112 mortalibus
363 1029 454 1090 futura
465 1033 613 1110 praecinere
623 1075 632 1101 ‚
649 1033 677 1090 in
687 1033 792 1110 oppido

115 1113 194 1196 quod
208 1132 325 1172 vocatur
340 1111 534 1174 Cimbarionis
545 1156 554 1183 ,
567 1107 669 1172 venisse
680 1109 715 1172 ed
725 1110 794 1172 scis-

116 1199 233 1254 citatum
251 1193 284 1252 de
300 1191 371 1252 statu
387 1191 566 1254 fortunarum
582 1189 692 1254 suarum
712 1193 794 1254 :adi-

116 1272 156 1334 tis
173 1295 206 1334 ue
234 1273 299 1334 saris
315 1320 327 1344 ,
354 1277 472 1334 vetitum
492 1295 528 1334 ne
550 1275 573 1334 is
596 1276 741 1358 cognitam
763 1277 794 1335 in

118 1297 199 1416 ltilil
209 1353 335 1436 sepeliret
348 1353 521 1436 Prochytam
532 1401 544 1424 ,
560 1358 728 1438 cognatione
742 1356 796 1416 sibi

118 1440 322 1516 conjundianr',
341 1457 427 1517 quam
448 1437 620 1496 incolumem
639 1437 795 1517 reliquerat.

119 1518 157 1578 Et
174 1515 321 1598 postquam
337 1516 373 1576 ad
393 1513 503 1576 clallem
519 1515 620 1586 rediit,
640 1520 797 1597 reperitque

120 1617 283 1668 mortuam,
300 1600 328 1655 in
340 1593 430 1656 insuld
445 1595 574 1676 proximi
584 1593 722 1675 sepelisse,
736 1619 797 1678 quae

121 1699 195 1737 nune
231 1698 324 1759 uoque
344 1676 444 1736 eodem
464 1675 502 1736 est
522 1679 661 1746 nomine,
678 1696 708 1736 ut
724 1675 797 1738 scri-

121 1760 192 1818 bunt
236 1757 370 1826 uicarius,
389 1765 414 1818 ὅ(
431 1757 537 1817 Acilius
553 1755 628 1817 Piso.
647 1757 716 1818 Inde
734 1779 799 1839 pro-

122 1839 228 1900 sedum
236 1834 394 1980 pervenisse
408 1841 437 1898 in
451 1860 515 1898 eum
530 1839 626 1900 locum
637 1885 649 1909 ,
663 1841 712 1920 qui
724 1860 798 1898 nime

122 1941 218 2002 portus
266 1923 343 1998 ajetae
365 1917 540 2000 appellatur,
560 1942 593 1980 ex
609 1923 725 1980 nomine
741 1941 797 1980 nu·

123 2003 200 2060 tricis
216 2006 296 2080 ejus,
335 2022 400 2060 uam
418 1999 524 2061 ibidem
544 1997 669 2060 amissam
684 1999 799 2080 sepeliit.

124 2085 166 2142 At
179 2081 247 2142 verd
260 2022 355 2142 Caelln
369 2089 396 2140 &
409 2079 589 2162 Sempronius
602 2085 702 2150 aiunt,
716 2081 803 2160 Caje-

126 2182 160 2222 tae
182 2182 343 2245 cognomen
364 2157 463 2230 fuisse,
484 2183 543 2220 non
563 2181 694 2232 nornen,
716 2183 748 2220 ex
768 2181 802 2220 eo

126 2241 232 2303 scilicet
247 2241 391 2309 inditum,
408 2239 486 2321 qudd
500 2246 558 2319 ejus
571 2241 687 2300 consilio
700 2241 804 2322 impul·

127 2323 214 2406 suque
232 2341 332 2382 matres
349 2320 481 2398 Trojanae
497 2321 582 2381 taedio
602 2321 683 2404 longi
697 2325 805 2406 navigii

128 2401 240 2464 classem
256 2401 362 2462 ibidem
375 2400 570 2472 incenderint,
590 2400 688 2464 Graecai
702 2400 806 2464 scilicet

129 2485 314 2565 appellatione
334 2479 393 2543 ἀπὸ
414 2479 449 2542 ri
472 2488 590 2553 καίειν,
607 2482 686 2564 quod
705 2482 744 2542 est
763 2487 808 2544 in-

131 2565 257 2625 cendere.
279 2563 349 2624 Inde
369 2561 404 2621 ad
424 2584 487 2622 earn
508 2563 595 2624 Italiae
620 2585 700 2624 oram
715 2611 727 2635 ,
747 2587 809 2646 quat

131 2647 168 2704 ab
188 2643 297 2704 arbusto
313 2639 436 2722 ejusdem
451 2647 561 2726 generis
575 2645 698 2706 Laurens
714 2647 810 2727 appel·

132 2727 189 2785 luta
205 2721 264 2796 est,
284 2725 386 2782 Latino
404 2743 557 2804 regnante,
568 2729 728 2806 petredium
745 2748 809 2786 cum

131 2825 211 2886 parre
225 2801 347 2866 Anchise
360 2849 368 2874 ‚
381 2801 496 2886 filioque
512 2814 539 2865 &
557 2810 659 2866 eaeteris
675 2804 786 2865 suorum
796 2852 809 2878 ,

133 2887 251 2948 navibus
275 2881 441 2970 egressum,
462 2889 493 2947 in
517 2885 609 2947 littore
631 2883 809 2956 accubuisse,

663 2967 693 3027 G
