2110 3666
313 337 664 388 artrouu
754 341 820 406 3m

144 435 220 498 fecit.
255 435 455 498 Constantium
484 447 512 499 &
543 438 689 498 Galerium
720 435 821 496 Maxi-

145 521 272 578 mianum
298 527 490 601 cognome'nto
516 521 726 577 Armentarium
750 517 820 578 Cae-

145 596 216 658 sares
237 602 364 669 creavit,
391 601 500 660 tradens
525 597 694 660 Constantio
717 596 820 658 Theo-

145 679 244 738 doram
277 680 406 739 Herculii
436 682 608 740 Maximiani
640 681 824 762 privignam,

145 760 256 838 abjecti
277 782 361 818 uxore
381 764 474 838 priori.
499 761 565 820 Hoc
590 779 715 840 tempore
737 758 822 820 Cha-

145 844 239 900 rausio
256 843 286 898 in
307 841 428 912 Galliis,
450 839 593 902 Achilleus
615 840 689 921 apud
710 840 826 923 AEgyp-

148 939 231 990 tum,
252 922 377 980 Julianus
391 924 425 980 -in
446 921 528 980 Italia
548 923 730 1000 imperatores
752 918 824 980 effe-

149 1005 207 1072 eti,
226 1001 334 1060 diverso
353 1005 428 1061 exitu
448 1004 557 1082 perisse.
576 1003 600 1062 E
619 1003 720 1082 quibus
739 1003 826 1061 Julia-

148 1104 201 1142 nus
219 1086 282 1142 asto
301 1104 348 1160 per
368 1081 455 1142 costas
475 1085 617 1164 pugione,
636 1085 665 1140 in
685 1084 781 1164 ignem
798 1081 826 1142 se

149 1164 262 1242 abjecit.
284 1163 477 1223 Diocletianus
498 1161 567 1222 verb
590 1163 664 1242 apud
683 1163 825 1222 Nicome-

150 1245 228 1304 diam
251 1242 348 1323 sponte
368 1245 523 1326 imperiales
540 1242 629 1304 fasces
648 1245 827 1324 relinquens,

150 1327 181 1384 in
200 1328 316 1404 propriis
338 1327 412 1407 agris
439 1323 593 1385 consenuit.
615 1325 675 1402 Qui
701 1325 767 1384 dum
790 1327 826 1386 ab

150 1406 285 1468 Herculio
315 1425 398 1486 atque
427 1408 542 1467 Galerio
572 1405 608 1465 ad
636 1405 827 1485 recipiendum

150 1489 300 1566 imperium
316 1506 479 1568 rogaretur,
497 1506 644 1568 tamquam
657 1485 761 1566 pestem
775 1488 829 1546 ali-

151 1589 238 1648 quam
249 1567 401 1636 detestans‚
414 1570 443 1626 in
455 1565 528 1625 hunc
541 1567 658 1626 modum
672 1565 827 1646 respondit:

150 1649 274 1708 Utinam
298 1648 407 1706 Salona
431 1643 540 1726 polletis
560 1645 646 1706 visere
667 1647 743 1706 olera
762 1645 830 1706 nos-

153 1731 203 1787 tris
220 1728 349 1786 manibus
366 1726 510 1797 instituta,
530 1725 657 1807 profecto
674 1749 830 1808 numquam

152 1807 226 1868 istud
250 1808 414 1868 tentandum
435 1809 603 1887 judicaretis.
627 1809 710 1868 Vixit
740 1831 830 1870 annos

153 1888 298 1970 sexaginta
320 1894 405 1962 otilo,
429 1911 463 1950 ex
482 1889 544 1970 quls
565 1892 710 1950 communi
731 1889 830 1952 habitu

152 1992 203 2053 pro
224 1973 239 2029 ὲ
258 1993 361 2030 novem
379 1974 445 2054 egit.
462 1971 557 2032 Morte
576 1971 756 2050 consumptus
772 1971 829 2044 est,

153 2073 184 2112 ut
198 1993 263 2112 saitis
278 2056 385 2131 patuit,
404 2075 451 2131 per
464 2051 646 2111 formidinem
658 2052 828 2112 voluntarii.

154 2133 269 2210 Quippe
288 2132 352 2190 crim
373 2129 597 2191 {Constantino
618 2153 700 2211 atque
718 2133 831 2192 Licinio

154 2233 270 2271 vocatus
299 2212 335 2270 ad
358 2210 426 2270 festa
446 2213 629 2290 nuptiarum,
658 2231 706 2290 per
730 2211 830 2272 senec·

155 2313 237 2362 tam,
258 2289 316 2372 qub
340 2291 432 2350 mimis
453 2288 578 2349 interesse
599 2291 724 2362 valeret,
748 2313 831 2352 excu-

155 2370 285 2443 savisset,
304 2370 439 2452 rescriptis
453 2373 609 2438 minacibus
621 2372 759 2452 acceptis,
772 2376 832 2454 qui-

156 2455 208 2514 bus
225 2455 416 2532 increpabatur
428 2454 576 2512 Maxentio
590 2449 703 2523 favisse,
723 2473 754 2512 ac
768 2453 837 2513 Ma.

111 2542 116 2556 ·
156 2537 266 2594 zimino
288 2535 399 2604 favere,
420 2532 575 2614 suspestans
594 2555 691 2593 necem
712 2533 834 2594 dedeco-

157 2615 270 2684 rosam,
291 2635 429 2673 venenum
449 2617 548 2674 dicitur
564 2613 689 2675 hausisse.

198 2697 266 2756 XL.
288 2696 341 2756 His
361 2695 459 2755 diebus
480 2694 663 2756 Constantius
685 2694 832 2757 Constan-

158 2780 211 2836 tini
235 2795 331 2854 pater,
355 2797 437 2856 atque
466 2777 656 2836 Armentarius
685 2775 833 2848 Caesares,

156 2855 278 2942 Augusti
301 2859 500 2940 appellantur,
528 2861 625 2920 creatis
653 2856 834 2928 Cesaribus,
