2060 3662
209 258 255 324 86
391 234 700 324 Eorao'rrt

208 371 474 454 Hierosolymorum
488 371 539 434 sub
553 392 628 454 patre
643 373 768 434 militans
783 418 792 444 ,
813 371 886 434 duo·

209 453 301 514 decim
318 475 535 540 propugnatores
553 451 702 516 duodecim
721 451 886 594 sapittarum

210 537 312 596 ictibus
329 535 452 598 confixit.
474 535 574 596 Romae
591 551 675 596 tantae
697 537 752 596 clvi
764 537 840 596 itatis
857 539 887 602 ,in

209 618 329 697 imperio
343 615 421 689 fuit,
447 637 477 676 ut
490 618 598 677 nullum
622 618 742 676 omnino
757 619 866 696 puniret
879 641 886 675 t

211 700 356 760 convictos
379 697 523 759 adversim
545 694 602 758 sese
625 699 824 776 conjurationis
847 701 888 759 ita

210 777 370 850 dimiserit,
393 799 423 839 ut
439 782 469 840 in
484 778 582 840 eidem
600 777 812 850 familiaritate,
832 779 888 860 quai

210 881 316 932 antea,
337 859 472 920 habuerit.
494 859 646 922 Facilitatis
667 861 889 922 &liberalitatis

210 961 293 1002 tanta
308 941 386 1012 fuit,
408 962 438 1002 ut
455 940 518 1004 crim
535 943 605 1002 nulli
621 941 778 1023 quidquam
796 963 888 1024 nega-

209 1043 274 1094 ret,
307 1033 334 1084 &
356 1021 392 1084 ab
414 1026 513 1084 amicis
534 1021 798 1102 reprehenderetur,
827 1021 888 1082 res·

209 1103 362 1186 ponderit,
383 1105 500 1166 Nullum
515 1105 614 1186 tristem
633 1104 724 1164 debere
742 1105 776 1164 ab
793 1105 886 1178 Impe-

211 1205 300 1245 ratore
325 1184 454 1264 discedere
476 1210 486 1244 .·
510 1205 653 1265 propterea
678 1183 742 1245 crim
765 1183 890 1267 quddam

213 1265 259 1326 die
281 1268 311 1325 in
336 1264 415 1326 coend
439 1266 597 1327 recordatus
619 1263 733 1338 fuisset,
761 1264 833 1326 nihil
862 1262 891 1327 se

212 1347 263 1406 illo
300 1346 345 1406 die
380 1347 511 1428 cuiquam
545 1343 690 1428 praestitilIe
716 1393 725 1418 ,
760 1347 890 1408 dixerit:

212 1428 333 1499 Amici,
363 1427 442 1488 hodie
466 1429 538 1487 diem
558 1430 676 1502 perdidi.
706 1424 763 1488 Hic
792 1429 892 1488 Romae

213 1505 452 1589 amphitheatrum
465 1507 636 1580 aedificavit,
651 1519 678 1570 &
692 1511 816 1590 quinque
830 1511 893 1569 mil-

214 1592 252 1651 lia
274 1589 393 1650 fetarum
415 1591 445 1652 in
464 1589 640 1650 dedicatione
662 1595 719 1670 ejus
738 1591 852 1651 occidit.

254 1669 370 1732 XXII.
392 1671 444 1732 Per
464 1669 523 1732 haec
542 1673 674 1731 inusitato
697 1671 794 1732 favore
816 1671 891 1732 dile-

210 1755 294 1830 dlus,
309 1752 411 1812 morbo
425 1753 505 1832 periit
519 1755 548 1811 in
563 1752 595 1812 ed
609 1799 618 1822 ,
633 1751 689 1833 qual
702 1773 797 1832 pater,
809 1751 893 1825 villa,

213 1831 277 1916 post
297 1833 442 1892 biennium
454 1880 466 1904 ,
486 1843 513 1894 &
525 1832 641 1914 ⁴meuses
660 1837 751 1904 osto,
773 1833 832 1895 dies
850 1835 897 1895 vi-

216 1913 312 1997 ginti,
329 1910 415 1994 quim
431 1913 586 1995 Imperator
602 1935 660 1976 etat
678 1911 789 1986 fadlus,
808 1917 896 1976 aetatis

216 2017 293 2055 anno
312 1996 399 2056 altero
417 2003 445 2055 &
463 1995 688 2078 quadragesimo.
707 1995 816 2058 Tantus
835 1997 896 2056 luc·

217 2095 260 2136 tus
286 2097 321 2136 eo
346 2095 458 2136 mortuo
482 2078 608 2158 publicus
633 2075 710 2150 fuit,
739 2097 770 2138 ut
796 2099 897 2138 omnes

218 2177 354 2239 tanquam
368 2159 398 2218 in
417 2157 527 2239 proptid
544 2157 684 2238 doluerint
701 2159 838 2236 orbitate.¹
848 2159 897 2222 Se·

218 2259 326 2310 natus,
353 2240 434 2299 obito
453 2239 539 2320 ipsius
560 2241 633 2300 circa
652 2235 797 2320 vesperam
818 2262 896 2300 nun-

219 2323 315 2389 ciato,
336 2323 419 2380 nodie
438 2321 535 2400 irrupit
557 2322 587 2380 in
607 2323 736 2392 curiam,
756 2331 784 2382 &
805 2340 898 2383 tantas

219 2403 246 2458 ei
273 2418 386 2460 mortuo
415 2399 510 2494 laudes
541 2401 699 2484 gratiasque
728 2405 899 2486 congessit,

218 2500 337 2622 quantas
351 2501 402 2540 nec
415 2503 482 2542 vivo
496 2503 620 2622 unquam
633 2501 748 2624 eperat,
767 2505 819 2544 nec
833 2505 901 2566 prae·

234 2563 299 2622 enti.
319 2561 394 2622 Inter
407 2563 499 2624 Divos
514 2584 542 2622 re
555 2583 615 2625 atus
630 2587 644 2624 e

259 2641 393 2703 XXIII.
415 2643 597 2706 Domitianus
621 2669 689 2706 mox
710 2649 818 2729 accepit
838 2649 918 2706 im-.

220 2726 351 2806 perlum,
370 2721 453 2785 frater
468 2727 552 2806 ipsius
568 2731 661 2797 iunior
674 2751 684 2800 3
701 2729 832 2800 Neroni,
852 2749 901 2788 aut

224 2804 394 2890 Caligulae,
422 2827 470 2870 aut
494 2804 612 2870 Tiberio
636 2810 786 2886 similior,
813 2807 903 2896 qulam
994 2841 1004 2867 a
