2142 3664
267 331 331 382 ns
361 315 697 382 CAEsAnrsus.
751 329 813 398 255

186 431 293 493 XXV.
314 432 447 512 Namque
465 430 553 491 Caius
571 429 660 490 Julius
677 429 819 488 Maximi-

146 535 218 585 nus,
235 513 381 594 praesidens
401 513 441 570 rei
456 511 582 580 bellicae,
601 511 705 589 primus
720 509 735 567 ὲ
749 510 823 568 miii·

147 595 272 663 taribus,
294 594 449 652 litterarum
470 591 526 650 fere
548 589 642 660 rudis,
667 593 822 669 potentiam

148 677 220 754 cepit
252 671 390 756 suffragiis
426 673 580 755 legionum.
611 669 699 746 Quod
727 689 824 730 tamen

148 758 234 814 etiam
247 755 365 824 Patres,
383 752 450 812 dum
467 747 650 831 periculosum
668 747 825 810 existimant

148 837 267 894 inermes
288 853 398 894 armato
418 831 561 901 resistere,
581 831 823 910 approbaverunt3

148 913 277 996 filiusque
309 919 366 993 ejus
390 916 450 992 pari
475 914 591 972 nomine
622 910 709 971 Caius
737 911 826 970 Julius
880 972 882 977 ,

146 996 324 1056 Maximinus
343 990 439 1055 Caesar
460 992 549 1052 faetus
568 989 615 1051 est.

189 1075 317 1136 XXVI.
333 1074 405 1152 Quis
419 1073 564 1133 biennium
580 1071 696 1131 summis
710 1073 824 1152 potitis,

150 1152 225 1216 haud
243 1154 425 1216 incommode
440 1155 537 1234 proelio
555 1151 632 1235 gesto
647 1170 743 1211 contra
757 1153 827 1212 Ger-

150 1258 272 1306 manos,
288 1237 398 1315 tepente
408 1235 567 1294 Antoninus
580 1232 739 1294 Gordianus
749 1231 828 1292 Afri·

151 1337 189 1376 cae
207 1313 386 1386 Proconsul,
405 1317 440 1374 ab
461 1318 581 1376 exercitu
601 1315 732 1394 Princeps
753 1311 827 1393 apud

150 1394 262 1477 Thydri
279 1397 415 1478 oppidum
430 1395 526 1456 absens
541 1393 581 1452 sat.
596 1393 664 1471 Qud
680 1415 711 1465 ut
724 1397 827 1454 accitus

149 1481 300 1558 peruenit,
323 1496 469 1557 tamquam
491 1474 523 1534 ed
546 1495 575 1532 re
599 1493 704 1533 creatus
731 1473 804 1534 foret
815 1521 827 1553 ³.

151 1556 287 1618 seditione
306 1559 460 1635 excipitur:
478 1553 534 1636 qud
550 1553 636 1614 lenitd
652 1553 735 1613 facile
755 1554 828 1615 Car-

152 1635 298 1719 thaginem
320 1641 398 1715 petit.
416 1636 460 1694 Ibi
480 1634 543 1694 cum
561 1633 714 1694 avertendis
733 1635 829 1712 prodi-

153 1720 227 1799 giis,
242 1737 363 1796 quorum
381 1734 457 1774 metu
471 1712 545 1774 haud
558 1719 640 1774 inane
654 1713 827 1795 angebatur,
865 1771 867 1777 .

153 1817 214 1856 rem
233 1796 358 1856 divinam
375 1794 462 1856 solitis
478 1814 596 1879 ageret,
613 1794 724 1876 repente
738 1791 829 1854 hostia

153 1897 261 1958 partum
285 1876 380 1937 edidit.
403 1876 436 1936 Id
463 1874 644 1957 haruspices,
666 1895 748 1956 atque
769 1873 828 1956 ipse

153 1959 299 2028 maxime,
320 1979 387 2018 nam
410 1955 490 2036 hujus
511 1955 630 2017 scientiae
651 1954 702 2016 usu
723 1959 827 2016 immo·

153 2039 214 2098 dice
228 2039 346 2118 prudens
356 2057 414 2097 erat
427 2084 435 2109 ,
451 2042 490 2098 ita
504 2039 653 2117 accepere,
666 2037 747 2108 illum
758 2059 828 2118 quo-

153 2139 207 2199 que
223 2117 388 2180 destinatum
405 2121 484 2186 neci,
497 2117 593 2177 renim
611 2119 705 2182 liberis
719 2121 827 2197 patitu-

154 2219 216 2258 rum
232 2202 380 2277 imperium
393 2219 403 2268 3
418 2201 610 2280 progressique
626 2199 754 2275 conjestu
768 2197 830 2257 lon·

156 2277 217 2360 gius
244 2279 324 2338 liberi
345 2298 457 2360 quoque
480 2281 584 2337 exitum
605 2277 828 2348 denunciavere,

155 2363 254 2419 mitem
273 2377 356 2439 atque
373 2361 520 2418 innoxium
538 2356 682 2439 prefantes
699 2357 782 2428 fore,
799 2378 830 2418 ut

156 2439 225 2499 illud
247 2460 349 2520 pecus,
369 2459 420 2500 nec
442 2438 602 2500 diuturnum
626 2457 747 2510 tamen,
768 2437 832 2498 sub·

154 2525 314 2659 jee’tumgue
339 2521 453 2580 insidiis.
484 2520 599 2580 Interim
625 2519 724 2580 Romae
753 2541 830 2579 com-

156 2619 235 2680 perto
284 2599 394 2659 ordiani
419 2602 555 2674 interitu,
576 2598 704 2662 hortante
728 2599 832 2660 Domi-

156 2681 228 2751 tio,
251 2680 340 2748 Urbix
353 2679 523 2751 Fremitus,
549 2681 703 2764 reliquique
726 2680 831 2740 indices
925 2735 933 2750 ,

156 2761 244 2844 vulgo
275 2759 416 2820 caeduntur
440 2781 489 2841 pet
517 2761 659 2820 Praetorias
688 2758 829 2821 cohortes.
889 2767 891 2770 ’

157 2841 269 2924 Quippe
280 2839 440 2903 Gordianus
454 2887 463 2912 ,
482 2838 629 2924 postquam
643 2840 766 2902 delanun
779 2843 832 2901 sibi
