2060 3662
350 308 535 394 ΜΒΝ(
584 323 616 392 Ι.
774 343 812 410 ¹3

179 445 223 508 Ira
236 445 337 508 Romae
354 459 503 527 regnatum
519 441 559 502 est
579 464 627 523 ptr
641 439 747 524 septem
766 461 814 502 re-

138 548 188 614 ges
219 529 300 590 annis
331 526 457 586 ducentis
485 523 672 608 quadraginta
698 524 816 594 tribus,

138 609 204 670 crim
229 606 321 670 adbuc
347 608 471 678 Roma,
493 606 543 666 nbi
567 603 744 686 plurimum,
767 606 817 664 vix

138 689 225 772 usque
251 689 289 750 ad
317 690 447 770 quintum
478 687 620 748 decimum
653 686 817 746 milliarium

139 770 301 854 possideret.

181 852 239 912 IX.
253 851 332 912 Hinc
344 848 484 912 Consules
499 849 605 930 coepdre
618 869 669 930 pro
681 869 739 910 uno
752 865 817 930 rege

133 932 199 993 ¹duo
220 930 274 992 hac
292 931 373 998 causti
392 933 500 1002 creari,
522 951 577 1002 ut,
593 932 617 990 si
636 951 706 990 unus
725 929 816 990 malus

140 1011 195 1074 else
210 1009 359 1083 voluiffet,
378 1014 446 1073 alter
464 1031 551 1082 eum,
567 1009 673 1072 habens
691 1007 817 1090 potesta·'

140 1114 199 1155 tem
226 1095 367 1165 similem,
390 1102 528 1154 co‘e'rcetet
547 1116 554 1149 ε
575 1091 614 1152 Et
632 1092 761 1172 placuit,
781 1110 817 1150 ne

139 1177 289 1256 imperium
302 1173 414 1258 longirls
427 1171 514 1256 quim
527 1193 651 1244 annuum
667 1169 815 1244 haberent,

135 1278 176 1318 ne
197 1277 244 1338 per
261 1256 470 1316 diuturnitatem
486 1252 628 1334 potestatis
645 1251 814 1312 insolentio-

140 1359 183 1398 res
198 1337 395 1409 redderentur,
417 1334 465 1398 sed
479 1336 573 1394 civiles
594 1332 702 1414 semper
711 1330 795 1394 efftnt
804 1369 815 1406 p

139 1421 190 1501 qui
209 1418 236 1478 le
254 1416 316 1498 post
325 1439 431 1478 annum
452 1415 553 1477 scirent
566 1414 673 1476 futuros
693 1412 744 1475 else
758 1417 816 1496 pri·

139 1520 231 1562 vatos.
249 1500 370 1559 Fuerunt
387 1502 399 1558 i
420 1501 473 1558 'mr
489 1518 565 1557 anno
582 1498 697 1576 primo,
715 1497 815 1576 expul-

136 1584 177 1642 sis
186 1520 591 1665 regibus‚Conlities,Lucius
599 1577 815 1648 luniusBrutus3

139 1664 216 1742 (qui
232 1661 355 1722 maxime
373 1677 470 1745 egerat
489 1679 520 1720 ut
537 1659 708 1740 Tarquinius
726 1658 816 1738 pelle-

138 1761 237 1814 retur,
254 1751 267 1816 )
287 1749 314 1802 δι
336 1741 395 1802 Tar
415 1743 506 1802 uinius
528 1741 714 1810 Collatinus,
735 1741 819 1800 mari.-

138 1843 183 1884 tus
197 1824 339 1884 Lucretiae.
358 1764 414 1886 Sed
424 1823 484 1882 Tar
506 1824 583 1882 uinio
595 1820 744 1884 Collatino
762 1818 818 1882 sta-
907 1846 909 1849 ’

139 1908 193 1964 tim
211 1903 319 1966 sublata
339 1905 463 1987 dignitas
478 1845 517 1962 dil
537 1927 544 1961 t
562 1903 702 1984 placuerat
718 1905 794 1964 eninr
805 1949 818 1974 ,

138 1984 343 2068 nequisquam
363 1988 393 2046 in
412 1985 492 2047 Urbe
508 2003 655 2056 maneret,
672 1985 723 2065 qui
742 1983 816 2044 Tar·

139 2070 254 2149 quinius
266 2086 419 2128 vocaretur.
433 2066 533 2150 Ergo,
549 2083 664 2146 accepto
677 2067 758 2126 omni
772 2085 819 2144 pa·

138 2151 275 2210 mimonio
292 2146 343 2208 suo
356 2191 369 2218 ‚
391 2169 425 2208 ex
436 2149 517 2208 Urbe
533 2147 688 2228 migravit:
708 2155 735 2206 δι
752 2146 817 2205 loco

138 2232 152 2290 i
172 2232 227 2290 sius
249 2227 338 2290 foditis
362 2229 400 2288 est
417 2229 548 2288 Valerius
569 2226 716 2288 Publicola
736 2225 819 2288 Con-

156 2311 193 2370 ul.
207 2311 376 2372 Commovit
395 2329 491 2371 umen
511 2307 617 2370 bellum
635 2307 697 2368 urbi
717 2307 818 2368 Roma

139 2412 188 2452 rex
208 2392 402 2474 Tarquinius,
429 2393 479 2473 qui
503 2389 592 2454 fuerat
612 2388 739 2469 expulsus
762 2412 768 2446 ι
790 2397 818 2448 &

139 2474 263 2534 collobiis
288 2475 383 2532 multis
410 2473 566 2566 gentibus,
590 2489 623 2530 ut
646 2472 678 2530 in·
698 2489 819 2555 regnunt

140 2551 228 2636 poss'et
244 2551 371 2625 restitui,
391 2553 547 2616 dimicavit.

179 2635 216 2694 X.
239 2634 273 2694 In
299 2633 389 2716 primii
413 2632 509 2717 pugni
527 2635 625 2696 Brutus
651 2627 763 2694 Consul
789 2641 817 2692 δι

130 2717 230 2778 Aruns
249 2713 398 2796 Tarquinii
414 2713 486 2775 lilius
498 2760 512 2784 ,
526 2717 648 2776 invicem
662 2711 691 2774 se
706 2712 817 2773 occide·

139 2817 211 2858 runt.
231 2797 358 2856 Romani
379 2815 474 2856 tamen
498 2817 531 2856 ex
552 2795 585 2854 'ed
605 2794 699 2879 pugni
719 2795 814 2854 vidio-

138 2897 182 2940 rts
198 2874 368 2942 resederunt.
382 2876 498 2954 Brutum
511 2877 648 2942 Romanae
663 2893 797 2948 matrona
805 2918 817 2948 ,
