2110 3666
208 277 274 344 330
325 249 449 320 Atta.
480 247 764 318 Vrcroars

204 376 308 442 Severo
327 393 373 454 per
390 371 522 440 ltaliam,
537 366 700 427 Maximino
715 365 822 426 Galerii
841 359 888 422 so·

204 457 272 514 roris
294 451 352 512 filio
391 473 418 510 er
438 451 586 510 Orientem
607 473 613 506 ε
638 449 794 530 eodemque
814 469 891 508 tenr-

205 557 271 616 pore
290 473 492 595 conflantium
512 529 608 591 Caesar
622 531 745 592 efficitur.
764 531 890 592 Mareu*

205 619 259 676 tius
287 616 441 692 imperator
471 614 501 671 in
529 611 597 671 villtl
628 610 675 672 sex
702 612 826 672 millibus
850 613 890 672 ab

207 697 286 758 Urbe
314 693 434 755 discreti
461 694 558 753 itinere
590 693 761 765 Lauicano,
784 689 890 754 dehinc

209 779 334 836 Licinius
355 771 494 860 Augustus
514 774 648 844 efficitur3
663 777 779 856 parique
799 774 890 834 modo

174 859 176 864 ’
207 857 365 919 Alexander
375 855 448 936 apud
460 853 665 938 Carthaginem
676 855 831 936 Imperator
837 853 870 914 fit
877 879 890 928 3

210 941 351 1020 similique
368 937 456 996 modo
467 937 575 996 Valens
591 937 746 1016 Imperator
762 956 868 998 creatur
882 959 891 996 ι

209 1042 330 1102 quotum
348 1019 436 1078 exitus
454 1014 503 1076 iste
521 1016 583 1076 fuit.

251 1103 366 1162 Severus
384 1100 420 1158 ab
436 1099 571 1158 Herculio
591 1097 771 1158 Maximiano
789 1099 891 1160 Romae

210 1181 247 1240 ad
261 1201 314 1241 tres
328 1180 455 1240 tabernas
472 1181 661 1260 extinguitur,
680 1177 817 1261 funusque
832 1185 892 1259 ejus

212 1261 337 1324 Gallieni
359 1258 482 1340 sepulcro
502 1259 641 1328 infertur,
663 1261 741 1341 quod
759 1263 796 1322 ab
811 1262 893 1322 Urbe

212 1341 290 1402 abest
312 1363 359 1420 per
379 1341 503 1420 Appiam
523 1341 647 1400 millibus
666 1363 779 1402 novem.
803 1341 894 1402 Gale-

213 1425 269 1482 rius
292 1423 507 1492 Maximianus,
533 1419 705 1501 consumptis
724 1423 895 1505 genitalibus

215 1503 326 1564 defecit.
357 1503 549 1562 Maximianus
578 1503 726 1563 Herculius
754 1501 771 1564 i
797 1502 895 1564 Cons-

214 1589 324 1645 tantino
345 1583 419 1664 apud
439 1584 598 1643 Massiliam
617 1581 765 1654 obsessus,
792 1585 895 1646 deinde

216 1687 334 1746 captus„
361 1686 457 1743 poenas
481 1664 558 1724 dedit
579 1665 677 1724 mortis
708 1687 807 1748 genere
829 1665 896 1745 pos-

216 1767 329 1818 tremo,
351 1745 443 1806 frastis
467 1745 569 1826 laque'o
591 1745 752 1807 cervicibus.
771 1747 897 1808 Alexan»¹

217 1828 265 1886 der
286 1827 302 1886 *a
321 1825 501 1888 Constantini
522 1830 641 1886 exercitu
662 1828 812 1910 jugulatur.
825 1829 896 1890 Ma·

217 1911 324 1968 xentius
345 1907 413 1966 dum
435 1906 562 1967 adversus
582 1905 802 1968 Constantinum
827 1931 897 1970 con·-

219 1989 363 2084 greditut,
384 1985 468 2068 pauli>
486 1986 607 2068 superius
625 1987 642 2048 ‘a
659 2010 744 2070 ponte
761 1990 897 2063 Mulvio,

219 2093 249 2130 1n
271 2089 385 2150 pontem
405 2071 526 2153 navigiis
545 2071 735 2150 compositum
755 2071 791 2130 ab
813 2072 899 2132 latere

220 2152 329 2234 ingredi
346 2149 496 2222 festinans,
510 2149 590 2230 lapsu
603 2153 668 2232 equi
685 2153 715 2212 in
727 2151 899 2232 profundum

221 2231 360 2292 demersus
378 2230 436 2303 est,
455 2252 641 2316 voratumque
660 2233 752 2303 limo,
775 2233 901 2312 pondere

222 2310 372 2382 thoracis,
399 2333 496 2392 corpus
518 2315 566 2372 vix
589 2333 737 2394 repertum.
761 2315 902 2374 Maximi-

223 2415 273 2452 nus
297 2392 370 2474 apud
396 2391 517 2452 Tarsum
543 2415 635 2454 morte
661 2396 783 2474 simplici
807 2397 898 2476 periit.

223 2475 330 2534 Valens
359 2471 507 2534 ‘aLicinio
537 2495 629 2535 morte
654 2477 797 2536 multatur.
827 2477 901 2536 Fue-

223 2574 287 2614 runt
320 2565 413 2625 aut'ern
440 2577 551 2616 morum
571 2555 748 2637 hujusmodi.
773 2558 903 2618 Aurelius

225 2637 418 2696 Maximianus
435 2657 627 2720 cognomento
644 2637 814 2709 Herculius,
830 2637 903 2699 ferus

227 2716 345 2788 naturis,
373 2717 471 2778 ardens
492 2719 639 2791 libidine,
670 2721 794 2780 consiliis
824 2718 904 2781 stoli-

228 2799 297 2871 dus',
311 2818 373 2860 ortu
386 2797 486 2885 agresti
497 2801 711 2884 Pannonioque.
725 2800 804 2893 Nam
817 2803 904 2862 etiam
981 2877 985 2891 .
