2134 3668
266 323 332 382 166
409 313 785 386 ArtaVrcrou

263 410 291 490 se
318 429 489 492 invidiosum
513 431 586 512 apud
612 433 686 491 cives
711 430 841 503 videret,
864 430 945 514 qudd

262 513 368 572 bellum
393 511 454 573 solo
481 515 696 596 trigeminorum
724 515 875 572 certamine
903 513 942 572 fi-

260 591 362 664 nisset,
381 613 412 654 ut
430 615 489 652 rem
507 597 677 678 corrigeret,
696 594 833 654 Veientes
851 603 878 654 δι
892 595 942 654 Fi-

261 672 537 734 denates-adversum
556 675 702 734 Romanos
718 677 854 735 incitavit.
877 675 942 754 Ipse

261 755 299 812 ab
326 755 413 814 Tullo
437 758 467 814 in
493 757 628 815 auxilium
652 757 822 826 arcessitus,
849 759 941 816 aciem

261 836 292 894 in
314 837 415 894 collem
440 835 595 906 subduxit,
616 854 647 896 ut
667 835 811 896 fortunam
836 835 940 917 seque-

260 935 341 976 retur.
368 916 435 993 Qui
461 938 489 974 re
517 917 617 976 Tullus
640 917 809 988 intellecti,
835 917 944 999 magna

261 1018 330 1057 voce
354 1001 418 1067 ait,
441 996 490 1056 suo
511 999 580 1057 illud
597 994 668 1077 jussu
688 999 812 1058 Mecium
835 997 938 1058 facere.

262 1078 329 1155 Qui
346 1099 374 1136 re
391 1076 482 1138 hostes
494 1081 582 1138 territi
598 1081 721 1158 vistique
738 1077 810 1138 sunt.
827 1077 943 1138 Posterai

261 1160 306 1219 die
327 1159 457 1228 Metius,
481 1181 545 1218 cum
569 1159 604 1218 ad
629 1159 827 1241 gratulandum
851 1159 940 1220 Tullo

260 1236 401 1308 venisset,
424 1236 495 1318 jussu
520 1242 603 1320 ipsius
621 1241 763 1324 quadrigis
783 1240 940 1323 religatus,

260 1330 287 1381 &
306 1325 335 1380 in
355 1317 462 1378 diversa
481 1319 624 1380 distraslus
643 1319 691 1379 esl.

300 1401 339 1460 V.
362 1401 457 1460 Ancus
474 1400 601 1460 Marcius
626 1401 730 1461 Numae
750 1401 884 1481 Pompilii
906 1421 940 1462 ex

261 1479 320 1540 filil
333 1501 438 1560 nepos,
456 1484 584 1562 aequitare
599 1490 626 1541 δι
642 1483 778 1564 religione
792 1503 846 1542 avo
863 1480 941 1542 fimi-

261 1563 313 1632 lis,
333 1563 450 1622 Latinos
473 1563 550 1621 bello
572 1561 691 1622 domuit.
715 1563 888 1623 Aventinum
911 1571 940 1624 δε

261 1643 420 1704 Janiculurn
433 1662 543 1702 montes
551 1645 627 1704 Urbi
636 1643 752 1702 addidit.
769 1644 855 1704 Nova
867 1665 941 1703 moe·

261 1726 310 1784 nia
331 1724 438 1804 oppido
462 1723 652 1783 circumdedit.
677 1724 768 1784 Silvas
793 1723 828 1783 ad
856 1723 938 1786 usum

262 1807 377 1863 navium
393 1805 553 1882 publicavit.
571 1805 730 1864 Salinarum
750 1808 822 1864 vesli
844 1804 872 1863 al
893 1807 939 1864 in-

261 1882 357 1943 stituit.
372 1883 522 1944 Carcerem
538 1888 644 1964 primus
655 1883 811 1945 aedificavit.
856 1883 939 1946 stiam

263 1965 430 2035 coloniam,
452 1967 599 2035 maritimis
617 1967 820 2026 commeatibus
834 1987 939 2046 oppor-

262 2064 382 2113 tunam,
403 2047 432 2104 in
452 2042 522 2103 ostia
535 2045 648 2106 Tiberis
667 2047 789 2106 deduxit.
810 2047 859 2107 Jus
881 2046 936 2104 Fe-

263 2127 354 2195 ciale,
376 2147 433 2206 quo
456 2126 543 2207 legati
563 2126 599 2184 ad
620 2147 662 2185 res
687 2127 848 2206 repetendas
872 2146 937 2186 ute-

261 2226 355 2266 rentur
368 2252 377 2277 ,
389 2207 424 2265 ab
440 2205 598 2287 AEquiculis
611 2206 749 2267 transtulit
764 2232 770 2266 :
786 2207 863 2288 quod
880 2211 940 2288 pti-

262 2309 324 2348 mus
346 2286 434 2346 fertur
452 2285 561 2348 Rhesus
582 2309 650 2347 exco
673 2285 756 2348 italffe.
778 2289 832 2348 His
857 2289 939 2349 rebus

262 2369 337 2428 intra
369 2389 472 2446 paucos
498 2367 556 2428 dies
586 2309 720 2429 considis
744 2415 756 2439 ,
787 2368 940 2428 immaturi

262 2466 352 2506 morte
377 2466 524 2528 praereptus
548 2493 557 2520 ,
585 2470 644 2508 non
672 2453 762 2530 potuit
789 2448 940 2532 prestare,

261 2527 373 2610 qualem
396 2526 561 2606 promiserat
579 2530 696 2612 Regem.

301 2607 358 2666 Vl.
381 2608 482 2667 Lucius
498 2607 670 2690 Tarquinius
686 2609 812 2680 Priscus,
829 2609 939 2668 Dama·

261 2691 313 2748 rati
340 2687 485 2748 Corinthii
513 2687 612 2762 filius,
641 2696 718 2830 epus,
746 2694 795 2772 qui
821 2688 940 2770 Cypseli

261 2769 437 2850 tyrannidem
459 2771 591 2853 fugiens,
610 2773 639 2830 in
683 2775 798 2832 truriam
818 2791 939 2830 commt-

262 2852 361 2935 gravit.
388 2849 450 2930 lpse
477 2853 604 2912 Lucumo
630 2851 750 2923 dislus,
776 2853 842 2911 urbe
868 2851 941 2910 Tar-
