2134 3668
211 297 265 346 ot
286 279 716 350 annrnsrrmos.
748 288 811 364 169

136 399 235 458 mitem
252 401 366 460 alteram
383 397 490 460 babens
501 404 519 468 ,'
531 397 595 458 crim
611 397 763 479 Tarquinii
779 396 816 456 fi-

136 481 189 540 lios
207 483 266 561 pari
283 483 381 541 animo
397 481 522 550 videret,
541 499 571 538 ut
588 482 717 539 omnium
736 500 817 538 men-

136 581 176 620 tes
208 583 318 620 morum
348 561 505 620 diversitate
538 563 658 632 leniret,
691 560 816 620 ferocem

127 643 221 713 miti,
240 645 339 702 mitem
353 641 439 700 feroci
454 645 490 702 in
500 643 713 700 matrimonium
726 640 813 700 dedit.

137 722 192 782 Sed
213 725 318 793 mites,
342 721 388 782 seu
409 723 504 792 forte,
529 719 576 781 seu
602 721 699 781 fraude
721 725 814 802 perie-

138 823 224 874 tunt3
245 803 352 862 feroces
366 823 476 862 morum
492 803 647 862 similitudo
661 805 816 880 conjunxit.

138 885 243 946 Statim
257 883 429 963 Tarquinius
448 883 586 961 Superbus
604 881 728 942 {Tullia
745 887 818 942 inci-

139 983 213 1042 tatus
224 1009 234 1034 ,
245 964 384 1024 advocato
398 966 521 1034 Senatu,
541 983 658 1046 regnum
673 984 818 1044 paternum

141 1064 262 1124 repetere
289 1047 381 1124 coepit.
410 1043 476 1122 Qud
503 1063 531 1102 re
559 1043 654 1104 auditi
677 1043 818 1114 Servius,

128 1127 211 1184 dum
232 1125 267 1186 ad
279 1125 397 1186 Curiam
416 1145 565 1206 properat,
588 1121 659 1204 jullu
669 1125 820 1205 Tarquinii

143 1205 276 1289 gradibus
294 1207 441 1288 domolus,
470 1215 497 1267 δε
516 1206 635 1266 domum
655 1205 817 1290 refugiens,

143 1287 303 1348 iuterfedus
317 1286 364 1347 est.
378 1287 475 1348 Tullia
492 1285 585 1366 stutim
605 1290 634 1346 in
648 1285 740 1347 forum
758 1309 823 1365 pro-

144 1372 273 1448 peravit,
295 1371 431 1448 &prima
452 1373 601 1470 coniugem
619 1369 727 1450 Regem
746 1365 822 1428 saltt-

145 1453 238 1521 tavit,
259 1448 276 1509 it
301 1471 359 1529 quo
385 1447 452 1529 julIa
476 1451 557 1509 turbu
581 1449 733 1520 decedere,
757 1449 822 1514 crim

125 1544 126 1548 ’
146 1531 264 1592 domum
283 1531 403 1600 rediret,
424 1529 487 1590 viso
503 1533 588 1613 patris
603 1551 738 1609 corpore,
761 1545 822 1590 mu·

145 1613 253 1672 lionem
271 1613 423 1670 evitantem
440 1609 519 1690 supet
530 1609 622 1690 ipsum
641 1631 739 1690 corpus
757 1632 821 1686 carl-

146 1711 262 1772 pentum
293 1712 374 1774 agere
395 1693 551 1771 praecepit,
575 1691 649 1750 unde
673 1693 750 1750 vicus
776 1692 823 1750 ille

147 1773 301 1834 Sceleratus
320 1772 417 1845 didius.
436 1769 535 1831 Postei
554 1771 650 1832 Tullia
669 1792 734 1832 cum
753 1783 823 1832 con-

60 1888 62 1893 *
146 1859 213 1936 juge
231 1855 261 1912 in
279 1854 406 1913 exsilium
425 1856 488 1912 adia
507 1851 554 1912 est.

189 1934 292 1994 VIII.
312 1933 483 2014 Tarquinius
502 1935 641 2014 Superbus
661 1955 822 2012 cognomen

150 2015 275 2076 motibus
300 2018 409 2074 metuit,
435 2013 541 2075 Occiso
569 2017 666 2076 Servio
693 2017 791 2076 Tullio
814 2063 823 2086 ‚

135 2117 267 2179 regnum
291 2094 401 2156 sceleste
427 2099 584 2174 occupavit.
608 2097 720 2156 Tamen
750 2098 825 2156 bello

149 2177 303 2248 strenuus,
336 2179 453 2236 Latinos
481 2176 656 2258 Sabinosque
684 2177 824 2247 domuit3

138 2255 276 2326 ,Suelleni
295 2259 453 2317 Pometiam
477 2255 590 2316 Volscis
610 2260 733 2337 eripuit3
759 2258 825 2318 Ga-

133 2339 214 2400 bios
232 2357 279 2417 per
296 2339 410 2398 Sextum
428 2337 541 2408 filium,
563 2339 701 2398 simulato
710 2338 828 2398 transfu-

122 2453 124 2460 ·
151 2421 223 2502 gio,
247 2420 276 2478 in
294 2419 456 2498 potestatem
476 2420 606 2502 redegit5
627 2429 654 2480 δι
673 2419 754 2480 ferias
772 2422 827 2480 La-

153 2503 226 2558 tinus
243 2501 347 2577 primus
370 2499 497 2560 iristituit.
516 2501 603 2560 Poros
622 2503 651 2561 in
668 2502 779 2574 Circo,
801 2512 829 2562 δε

152 2581 282 2640 cloacam
308 2583 462 2639 maximum
481 2580 573 2652 fecit,
597 2581 646 2640 ubi
667 2586 751 2642 totius
791 2601 827 2642 o-

152 2660 214 2740 puli
239 2659 344 2719 vitibus
373 2659 435 2720 usus
465 2659 528 2720 est:
549 2662 621 2720 unde
649 2664 701 2721 illae
726 2663 756 2722 fo
778 2685 830 2734 ae,

156 2741 311 2816 Quiritium
340 2738 404 2800 sunt
430 2741 519 2800 dittae.
553 2742 631 2802 Ctlm
654 2743 831 2823 Capitolium

157 2825 317 2903 inciperet,
347 2841 430 2904 caput
453 2818 577 2884 hominis
599 2825 705 2884 invenit
727 2869 736 2895 ,
760 2825 833 2885 unde
