2134 3668
290 253 976 358 ‘m-Qssv

390 407 592 480 LIBER
630 413 874 488 NONUS.

485 601 704 668 CAPUT
744 605 769 668 l.

288 699 422 814 Posi·
440 749 514 812 hunc
532 751 710 813 Maximinus
722 774 758 814 ex
777 775 893 838 corpore
912 765 970 823 mi.

285 834 360 894 litari
381 835 487 914 primus
510 832 547 892 ad
571 835 721 914 imperium
747 841 879 911 accessit,
906 841 970 905 solal

287 917 411 978 militurn
439 916 614 984 voluntate,
645 912 709 974 crim
739 918 815 978 nulla
848 922 967 984 Senattis

285 993 477 1059 intercessisset
504 997 681 1068 austoritas,
711 1017 802 1079 neque
831 1000 890 1080 ipse
910 1005 964 1065 se.

284 1099 367 1140 nator
395 1075 467 1138 ellet.
497 1077 544 1146 Is,
575 1076 651 1136 bello
676 1076 806 1139 adversis
835 1081 963 1147 Germa.

283 1183 336 1222 nos
358 1159 475 1220 feliciter
495 1156 596 1242 gesto,
618 1155 683 1218 crim
705 1156 722 1218 *a
743 1161 882 1225 militibus
904 1167 965 1228 Im-

279 1241 284 1254 ,
303 1262 394 1302 erator
413 1237 478 1300 ellet
495 1239 669 1379 appellatus,
689 1236 705 1298 *a
722 1239 849 1321 Pupieno
869 1247 962 1328 Aqui.

282 1264 342 1383 sciat
362 1320 469 1382 occisus
489 1342 504 1379 e
537 1365 553 1392 ,.
568 1318 756 1382 deserentibus
777 1343 842 1382 eum
861 1330 962 1389 milit'i.'

282 1405 333 1465 bu's
357 1403 433 1474 suis,
456 1423 520 1464 cum
550 1399 611 1460 filio
640 1399 732 1478 adhuc
758 1425 869 1484 puer03
896 1432 961 1472 cum

276 1508 339 1570 ¹quo
362 1487 546 1566 imperaverat
565 1483 709 1554 triennio,
729 1492 757 1544 δι
777 1490 874 1565 paucis
895 1491 959 1552 die.

279 1568 340 1632 bus.

321 1650 359 1712 II.
379 1646 478 1711 Postea
503 1667 556 1708 tres
580 1646 664 1709 simul
681 1643 800 1730 Augusti
822 1648 957 1728 fuerunt,

278 1731 439 1814 Pupienus,
459 1729 616 1800 Balbinus,
638 1727 848 1790 &Gordianus
870 1757 876 1790 ε
899 1735 956 1796 duo

279 1811 431 1894 superiores
457 1809 656 1870 obscurissimo
677 1830 798 1894 genere,
827 1813 956 1877 Gordia.

277 1916 330 1954 nus
353 1891 487 1954 nobilis:
512 1893 618 1972 quippe
642 1896 718 1970 cujus
739 1911 837 1972 pater,
865 1894 957 1958 senior

276 1975 463 2045 Gordianus,
482 1970 619 2032 consensu
637 1970 782 2046 militum,
803 1973 869 2035 etim
886 1978 957 2038 Pro-

275 2055 453 2126 consulatum
467 2053 570 2114 Africae
582 2073 705 2136 gereret,
719 2053 885 2118 Maximino
899 2061 956 2121 im-

273 2158 415 2221 perante,
440 2137 571 2216 Princeps
596 2132 689 2194 fuisset
715 2135 830 2197 electue-
854 2138 955 2222 Itaque

274 2219 340 2286 erim
358 2221 484 2281 Romam
504 2212 639 2278 venissent
656 2214 789 2277 Balbinus
806 2227 834 2278 &
853 2219 955 2299 Pupie-

272 2323 342 2374 nus,
364 2305 395 2362 in
412 2301 519 2380 palatio
538 2294 783 2370 interseruntur,
805 2297 860 2358 soli
880 2302 955 2364 Gor.

271 2384 358 2446 diano
384 2382 535 2460 imperium
557 2376 736 2440 reservatum.
765 2379 952 2458 Gordianus,

229 2461 237 2476 ⁹
269 2462 427 2528 admodum
446 2481 534 2542 puer,-
552 2459 616 2520 crim
638 2459 868 2540 Tranquillinam
892 2464 953 2526 Ro·

267 2568 321 2606 mar
332 2539 448 2605 durillet
460 2561 591 2612 uxorem,
604 2541 619 2602 J
622 2561 708 2601 antun
720 2543 867 2624 geminum
883 2567 899 2604 a
920 2568 952 2606 e-

265 2630 321 2688 ruit
345 2649 352 2684 τ
374 2623 457 2686 &ad
477 2623 626 2698 Orientem
652 2619 818 2702 profectus,
839 2567 950 2689 Partitis

264 2709 372 2770 bellurn
385 2705 499 2776 intulit,
513 2704 563 2784 qui
579 2708 639 2783 jam
652 2703 843 2765 moliebantur
856 2726 950 2770 erum-

270 2810 355 2872 pere3
374 2785 452 2869 quod
476 2783 591 2866 quidem
615 2803 682 2842 mox
703 2781 820 2844 feliciter
840 2791 948 2870 gessit,

269 2867 424 2954 praeliisque
450 2867 611 2953 angentibus
632 2863 729 2928 Persas
749 2865 858 2930 afflixit.
883 2869 947 2932 Re·
