2060 3662
249 319 298 398 46
432 309 748 378 Eutuoeat

248 425 423 509 Libyss‘am‚
453 431 483 488 in
512 426 615 488 finibus
637 423 938 499 Nicomediensium3
1010 409 1011 426 ¹

251 508 372 591 sepultus
390 508 437 568 est.

290 591 349 652 Vl.
372 588 505 686 Philipsso
521 611 549 649 te
572 587 780 648 eMacedoniae
798 607 938 660 mortuo,

248 674 348 752 qui&
370 671 516 732 adversum
539 611 688 730 [lomatios
712 669 818 728 bellum
839 667 936 752 gelse-

249 771 315 824 rat,
335 762 362 814 &
378 751 471 834 postea
485 753 625 812 Romanis
645 769 742 810 conos
755 749 940 812 Antiochum·

250 835 386 894 auxilium
399 835 520 905 tulerat,
540 831 614 893 filius
627 836 685 910 ejus
698 830 811 892 Perseus
824 833 854 891 in
868 833 938 892 Ma·

250 914 370 976 cedonid
398 916 570 984 rebellavit,
591 913 753 996 ingentibus
779 915 868 993 copiis
895 914 940 974 ad‘

249 996 356 1056 bellurn
386 999 498 1076 paratis.
530 995 610 1056 Nam
640 994 779 1073 adjutores
808 992 936 1056 habeba't

250 1077 350 1159 Cotyn
367 1075 497 1138 Thracis
516 1097 634 1160 tegent,
652 1084 680 1137 δι
696 1076 823 1156 Illyrici,
846 1075 932 1136 Gen-

248 1161 321 1218 tium
342 1163 467 1220 nomine,
492 1158 631 1219 Romanis
655 1176 749 1217 autem
770 1157 800 1216 in
825 1159 933 1218 auxilio

249 1259 328 1300 etant
341 1242 482 1300 Eumenes
495 1241 570 1299 Asia:
589 1259 658 1308 tex,
677 1235 840 1298 Ariarathes
854 1239 935 1320 Cap·

248 1321 405 1401 padociae,
438 1318 596 1381 Antiochus
626 1321 736 1399 Syria,
762 1319 932 1381 Ptolemaeus

249 1401 394 1484 AEgypti,
415 1398 564 1462 Masinilla
578 1401 732 1460 Numidiae.
750 1400 860 1461 Prusias
880 1424 932 1462 au-

249 1501 307 1542 tem
336 1505 384 1542 tex
412 1481 478 1542 Bith
499 1485 581 1553 niae,
613 1503 688 1563 quan
711 1503 777 1540 uam
805 1479 932 1543 sororem

249 1562 341 1624 Persei
354 1585 470 1624 uxorem
480 1505 621 1632 liaberet,
640 1503 763 1644 uttllque
777 1561 804 1622 se
818 1585 931 1644 aequum

248 1647 372 1725 praebuit.
408 1646 476 1706 Dux
510 1645 708 1704 Romanorum
739 1645 770 1704 P.
805 1645 933 1706 Licinius

248 1725 359 1788 Consul
377 1747 474 1788 contra
494 1747 558 1786 eum
580 1722 673 1786 miilus
694 1723 757 1797 est,
780 1735 807 1786 &
827 1723 845 1785 “a
865 1747 931 1822 tege

248 1810 329 1889 gravi
340 1808 435 1887 praelio
447 1811 547 1868 victus.
561 1807 662 1888 Neque
675 1827 771 1868 tamen
781 1807 909 1867 Romam
921 1855 930 1881 ,

247 1909 411 1969 quanquam
439 1879 584 1968 superati,
612 1909 673 2027 tefit
699 1889 804 1970 petenti
830 1909 931 1968 pacem

248 1967 371 2048 ptaestare
386 1970 553 2041 voluerunt,
570 1971 624 2028 nisi
662 1991 684 2028 ts
701 1969 930 2031 conditionibus:

255 2050 297 2108 Ut
312 2049 345 2128 se
370 2048 396 2110 ἃ
412 2049 479 2128 suos
499 2047 662 2110 Senatui&
680 2053 781 2125 populo
803 2049 931 2111 Romano

247 2135 363 2192 dederet.
390 2133 462 2192 Mox
488 2127 581 2211 millus
608 2151 706 2191 contra
732 2153 797 2190 eum
827 2132 931 2193 Lucius

247 2213 385 2274 AEmilius
408 2213 510 2273 Paulus
531 2211 665 2283 Consul,
688 2221 714 2273 δι
733 2215 762 2272 in
784 2213 930 2294 Illyricum

248 2295 287 2354 C.
309 2296 430 2354 'Anicius
452 2295 555 2353 Ptaetor
580 2313 677 2354 contra
698 2294 844 2354 Gentium.
873 2295 930 2356 Sed

193 2399 196 2414 ·
247 2375 390 2443 Gentius,
415 2373 498 2432 facile
522 2395 581 2432 uno
608 2375 702 2455 ptaelio
723 2377 837 2444 vietus,
860 2395 931 2436 mox

249 2453 278 2515 se
299 2453 414 2514 dedidit.
436 2455 531 2514 Macer
554 2460 634 2534 ejus,
657 2464 684 2516 δι
710 2477 803 2526 uxot,
826 2457 929 2516 &duo

248 2535 325 2606 filii,
349 2534 433 2594 frater
448 2557 584 2616 quoque,
609 2537 692 2596 simul
709 2538 739 2596 in
761 2535 928 2617 potestatem

249 2617 446 2677 Romanorum
461 2637 604 2677 venerunt.
623 2618 667 2678 Ita
686 2618 762 2676 bello
782 2620 853 2677 intra
868 2620 929 2680 dics

249 2700 364 2782 triginta
388 2697 533 2778 petfeebo,
556 2700 788 2782 antecognitum
811 2698 849 2758 est
874 2697 927 2760 elle

250 2781 388 2845 Gentium
410 2781 542 2851 timim,
563 2778 650 2863 qu‘atn
671 2798 794 2862 coeptum
820 2781 928 2842 bellum

249 2877 431 2924 aemularetur.
