2106 3666
206 309 312 384 *3¹0
361 282 486 354 Aur.
515 283 793 353 VICTORIS

241 425 340 468 mento
353 403 487 500 ¹quodam
511 403 627 464 virtutes
651 398 787 462 miscuisse
808 401 925 463 videre-

241 506 310 555 tur3
332 489 386 546 rusi
398 483 477 566 qubd
491 485 556 544 cibo
572 486 697 565 uinoque
711 483 857 564 paulultim
877 485 928 544 de·

241 567 317 628 ditus
343 585 410 626 erat.
434 567 573 626 Liberalis
593 567 624 626 in
649 567 777 636 amicos,
802 574 831 624 δι
855 584 926 626 tan-

242 669 329 730 quam
355 650 419 708 vitae
446 645 609 706 conditione
633 667 708 726 par,
743 645 927 708 societatibus

241 729 354 811 perfrui.
372 727 431 788 Hic
448 728 487 788 ob
504 725 642 807 hoporem
656 727 752 798 Surae,
772 732 851 806 cujus
868 726 927 788 stu-

242 809 292 870 dio
308 812 458 890 imperium
468 811 642 890 arripuerat,
659 809 772 868 lavacra
786 807 925 870 condidit.

241 891 289 952 De
321 913 379 974 quo
409 889 644 971 supervacaneum
677 889 787 950 videtur
824 893 928 952 cuncta

242 973 316 1033 velle
343 974 515 1034 nominatim
543 971 682 1052 prodere,
710 969 774 1030 crim
797 968 865 1032 satis
891 973 928 1032 sit

206 1073 209 1078 ·
242 1055 384 1114 excultum
411 1073 494 1135 atque
521 1049 703 1112 emendatum
730 1047 836 1112 cliriffe.
862 1053 928 1113 Fuit

243 1137 321 1196 enim
335 1139 443 1217 patiens
456 1135 561 1194 laboris
575 1179 585 1204 ,
607 1131 747 1194 studiosus
761 1135 866 1214 optimi
880 1155 928 1194 cu-

242 1215 340 1300 jusque
359 1240 392 1278 ac
409 1216 536 1276 bellicosi
546 1238 556 1286 3
570 1215 662 1298 magis
681 1215 853 1295 simpliciora
875 1218 925 1276 in-

244 1301 329 1384 genia
342 1317 390 1357 aut
403 1295 628 1366 eruditissimos,
649 1299 777 1376 quamvis
789 1294 849 1376 ipse
862 1317 929 1376 par-

243 1400 283 1438 cae
308 1375 373 1438 esset
394 1377 515 1438 scientiae
539 1377 739 1459 moderateque
761 1378 928 1458 eloquens,

244 1459 390 1544 diligebat
418 1457 533 1519 lullitiae
557 1457 624 1518 verb
651 1480 684 1518 ac
713 1461 781 1538 juris
806 1455 929 1520 humani

245 1539 391 1622 divinique
409 1559 469 1600 tam
487 1559 610 1621 repertor
629 1541 722 1609 novi,
743 1537 830 1621 quim
849 1542 929 1601 inve-

233 1619 327 1682 'tetati
343 1620 442 1682 custos.
464 1619 536 1700 Quat
556 1623 654 1682 omnia
675 1619 710 1682 ed
726 1625 836 1700 maJora
855 1621 930 1682 vise·

244 1703 372 1775 bantur,
394 1705 532 1786 quoniam
550 1702 719 1784 permultos
739 1721 824 1784 atque
843 1722 927 1764 atro-

203 1820 211 1832 ·
245 1804 290 1844 ces
311 1805 444 1866 tyrannos
463 1777 575 1864 perdito
595 1802 679 1866 atque
699 1782 836 1864 prostrato
854 1783 929 1846 statu

196 1883 200 1890 ’
244 1865 403 1938 Romano,
428 1867 459 1924 in
480 1865 635 1926 remedium
661 1884 803 1926 tantorum
826 1867 927 1926 malo-

245 1967 308 2006 rum
322 1943 455 2006 divinitds
470 1945 633 2006 credebatur
648 1947 805 2028 opportune
821 1945 928 2019 datum

245 2025 333 2110 usque
363 2025 429 2100 eb,
460 2044 491 2084 ut
513 2026 666 2088 adveniens
690 2029 840 2108 imperium
868 2033 929 2108 ejus

246 2109 378 2192 pleraque
401 2105 520 2170 mirifica
544 2108 782 2170 denunciaverint.
806 2107 841 2168 la
863 2109 930 2191 quis

246 2193 439 2272 precipuum,
462 2191 603 2252 cornicem
624 2187 769 2272 efalligio
787 2190 933 2271 Capitolii

246 2271 350 2334 Atticis
373 2269 550 2332 sermonibus
574 2267 689 2332 effatam
716 2269 796 2342 elle,
822 2275 930 2339 καλῶς

247 2350 327 2419 dcxc.
356 2351 449 2432 Hujus
474 2351 561 2430 crusti
580 2355 703 2434 corporis
723 2355 827 2420 cineres
848 2353 934 2414 relati

245 2431 395 2506 Romam,
415 2431 580 2516 humatique
592 2433 713 2513 Trajani
728 2433 792 2494 soro
805 2433 857 2494 sub
870 2439 934 2513 ejus

247 2511 407 2585 columbi,
432 2518 581 2599 &imago
615 2513 813 2596 superposita,
845 2517 931 2578 sicuti

247 2593 451 2676 triumphantes
470 2593 583 2670 solent,
607 2598 636 2658 in
658 2597 767 2659 Urbem
792 2598 929 2669 invedia,

248 2675 353 2750 Senatu
366 2696 503 2758 praeeunte
520 2687 548 2738 δι
567 2679 697 2740 exercitu.
715 2679 761 2740 Eo
779 2697 930 2759 tempore,

248 2759 340 2834 multo
355 2753 534 2839 perniciosius
545 2807 557 2831 ‚
576 2757 662 2842 quim
679 2757 730 2819 sub
741 2758 837 2820 Nervi
848 2769 860 2832 ‚'
877 2757 933 2820 Ti-

248 2838 321 2912 beris
338 2837 505 2914 inundavit,
528 2840 634 2926 magni
650 2840 729 2904 clade
747 2841 848 2904 edium
867 2863 935 2923 pro·
