2142 3664
283 317 350 368 Μ
379 300 716 370 CAESARJBUS.
770 323 834 388 231

158 420 340 490 canentibus,
357 417 421 480 crim
434 419 488 480 sibi
502 415 673 480 citharistam
690 418 838 500 poposcis-

160 501 201 564 set
217 525 227 572 3
247 499 380 582 responso
402 500 492 570 dato,
512 500 631 560 liberum
647 497 720 572 effe,
741 498 838 562 sume·

160 605 201 644 ret
215 581 274 664 ipse
294 603 380 665 quem
399 581 516 642 vellete
535 579 612 651 suis',
634 579 774 643 ostentans
791 586 841 664 qui

160 666 294 726 convivio
314 663 456 724 aderant:
480 662 645 741 adjecerat,
669 660 747 745 quod
771 665 842 724 liber

159 745 211 807 sub
225 746 344 823 imperio
358 743 449 804 nullus
460 740 616 803 haberetur.
628 743 671 804 Ac
684 746 715 804 ni
726 744 840 816 Galba,

160 830 210 910 qui
227 823 372 905 Hispaniae
391 823 554 904 praesidebat
563 869 573 896 ,
587 825 704 906 cognito
721 825 843 886 manda.-

160 927 222 968 tum
243 905 285 966 sui
303 906 445 975 exitium,
467 927 629 986 quanquam
652 903 762 968 senecta
779 926 845 972 aetae

161 1008 211 1060 re,
231 990 349 1068 imperio
370 1006 496 1065 correpto
516 983 681 1046 subvenisset
698 1009 708 1057 3
732 1005 842 1048 tantum

162 1069 272 1129 facinus
291 1065 366 1128 haud
387 1067 471 1128 dubii
491 1085 649 1147 patraretur.
662 1066 771 1140 Venim
786 1073 844 1145 ejus

162 1151 285 1212 adventu
298 1146 419 1210 desertus
431 1148 572 1229 undique,
584 1149 639 1208 nisi
650 1147 691 1207 ab·
697 1146 820 1228 spadone
830 1193 842 1218 ,

162 1254 248 1314 quem
263 1231 408 1313 quondam
425 1227 565 1290 exseclum
585 1229 707 1290 formare
724 1233 754 1290 in
774 1251 843 1290 mu·

162 1315 258 1374 liccem
285 1332 462 1383 tentaverat,
488 1310 576 1372 semet
600 1314 657 1370 ielu
677 1309 842 1394 transegit,

162 1393 227 1454 crim
257 1395 412 1474 implorans
437 1389 620 1473 percussorem
648 1391 721 1466 diu,
743 1387 779 1453 n'e
807 1391 845 1451 ad

162 1495 284 1538 mortem
302 1474 417 1558 quidem
432 1468 572 1532 meruisset
591 1471 755 1555 cujusquam
775 1472 843 1535 offi-
892 1549 895 1554 Ι

163 1579 249 1618 crum.
736 1580 738 1584 ·

205 1639 264 1700 Hic
291 1633 355 1698 finis
383 1633 529 1697 Caesarum
573 1637 631 1695 enti
658 1633 737 1705 fuit,
760 1653 846 1716 quem

166 1717 227 1779 fore
241 1717 436 1800 prodigiorum
449 1716 537 1774 multa
551 1655 767 1786 §enuntiavlrn
781 1735 847 1796 prae-

165 1799 303 1940 cipuepue
321 1819 423 1891 comm·
438 1796 548 1876 praediis
566 1793 690 1857 arescens
707 1797 775 1858 lauri
794 1816 847 1856 ne-

166 1901 229 1942 mus
268 1881 371 1940 icatum
391 1875 627 1957 triumphantibus
643 1900 654 1950 3
673 1896 757 1960 atque
776 1880 846 1938 inte-

164 1963 233 2022 ritus
251 1961 443 2045 gallinarum,
457 1981 519 2041 quae
536 1957 607 2020 adel)
623 1960 718 2020 muliae
727 2004 737 2031 ,
753 1959 844 2020 albre-

186 2063 249 2114 ue,
271 2065 287 2103 a
307 2044 390 2102 riores
418 2060 496 2100 erant
521 2041 733 2124 religionibus,
755 2059 787 2101 ut
811 2042 846 2100 iis

165 2065 266 2184 Romae
324 2124 423 2184 beatru
442 2120 527 2180 hodie
547 2119 635 2180 locus.

209 2203 266 2264 VI.
288 2203 327 2264 At
354 2202 473 2271 Galba,
500 2199 575 2261 haud
599 2199 674 2261 seclis
701 2200 805 2262 nobilis
829 2199 846 2260 ὲ

166 2305 250 2380 gente
265 2282 417 2345 clarissimi
429 2283 616 2363 Sulpiciorum
629 2325 639 2353 ,
658 2283 707 2344 ubi
720 2281 845 2344 Romam

164 2388 194 2426 m
218 2363 298 2428 tellus
316 2363 375 2438 est,
396 2365 475 2448 quasi
491 2363 603 2432 luxuriae
621 2365 767 2424 autetiam
786 2385 847 2424 cru·

166 2388 274 2510 delicati
299 2449 402 2510 auxilio
430 2441 587 2512 ventitasset
608 2467 618 2516 ς
641 2466 760 2526 rapere,
784 2463 844 2504 tra-

168 2526 258 2599 here,
275 2549 395 2602 vexare,
415 2549 447 2587 ac
466 2525 575 2593 foedum
593 2529 622 2586 in
641 2526 759 2588 modum
777 2525 845 2586 vas-

79 2615 81 2619 '
168 2628 226 2668 tare
245 2613 366 2680 concio,
382 2618 408 2670 &
426 2609 557 2688 polluere.
574 2605 647 2686 Quis
660 2610 740 2669 rebus
754 2605 845 2668 intes-

168 2690 280 2750 tabilior
294 2693 304 2768 [
317 2689 384 2750 dum
396 2691 504 2772 gravius
515 2687 663 2750 offendunt
680 2712 752 2772 quos
765 2690 845 2748 mol-

167 2769 221 2832 litis
239 2769 413 2832 consulturos
430 2766 490 2850 spes
507 2772 585 2847 erat]
603 2771 687 2830 simul
699 2772 766 2852 quia
779 2791 847 2850 opes

167 2853 291 2916 militum
309 2854 395 2916 nimis
408 2855 532 2935 pecuniae
549 2851 663 2934 cupidus
680 2871 845 2914 attenuave-
