2142 3664
256 317 325 362 202
410 292 776 366 AUR.VICTOR
856 359 857 365 ,

297 412 422 473 LXIII.
444 415 585 492 Quindus
608 413 741 474 Metellus
760 413 852 484 Pius,
877 415 940 478 Nu-

256 495 355 554 midici
373 493 445 555 filius
465 519 475 566 3
493 497 578 566 Pius,
598 496 664 576 quia
682 515 789 575 patrem
806 497 939 578 lacrymis

255 582 283 636 &
308 576 435 656 precibus
461 575 569 635 assidub
595 577 640 635 ab
659 577 744 636 exilio
771 581 937 650 revocavit,

255 656 360 716 Ptaetor
381 656 456 716 bello
479 655 576 716 sociali
596 657 635 734 Q.
653 657 810 736 Popedium
821 703 831 730 ,
850 660 937 718 Mat-

256 734 353 796 sorum
375 736 496 809 ducem,
515 736 663 797 interfecit.
683 737 796 798 Consul
817 740 846 797 in
863 738 937 800 His-

256 816 341 898 panid
359 817 524 878 Herculeios
542 818 640 879 fratres
655 821 812 898 oppressit,
837 819 936 880 Serto-

256 901 330 958 rium
348 897 488 978 Hispanih
507 900 619 979 expulit.
643 899 815 960 Adolescens
830 901 859 959 in
883 921 937 980 pe-

257 981 358 1039 titione
379 981 505 1040 Praetura
519 989 547 1041 &
564 978 747 1042 Pontificatds
768 977 939 1050 Consulari-

258 1060 310 1120 bus
328 1063 394 1120 viris
414 1062 542 1141 praelatus
560 1060 607 1123 esi.

298 1141 419 1202 LXIV.
434 1142 564 1201 Tiberius
582 1139 750 1210 Gracchus,
765 1141 892 1202 Africani
905 1163 940 1204 ex

258 1219 317 1281 filil
336 1243 447 1301 nepos,
466 1221 595 1299 Quaestor
615 1224 755 1283 Mancino
777 1225 807 1282 in
827 1222 937 1302 Hispa-

257 1301 324 1373 nia,
346 1302 437 1362 foedus
457 1308 514 1380 ejus
536 1302 710 1384 flagitiosum
727 1305 866 1384 probavit.
886 1303 940 1362 Pe·

256 1384 376 1444 riculum
394 1383 544 1444 deditionis
565 1385 730 1466 eloquentia
752 1383 842 1477 grati&
861 1380 938 1444 effu·

259 1467 310 1548 git.
327 1465 472 1525 Tribunus
492 1466 580 1545 plebis
600 1466 692 1548 legem
711 1465 799 1536 tulit,
822 1484 858 1523 ne
876 1467 939 1546 quis

259 1545 321 1626 plus
349 1547 426 1606 mille
453 1548 515 1628 agri
538 1551 634 1629 jugera
662 1545 786 1604 haberet.
814 1545 940 1606 Octavio

259 1625 371 1710 collegit
394 1625 599 1698 intercedente,
620 1647 696 1686 novo
718 1626 846 1707 exemplo
870 1647 938 1686 ma·

260 1706 406 1790 gistratum
424 1709 580 1790 abrogavit.
597 1709 673 1767 Dein
689 1708 773 1779 tulit,
794 1726 825 1766 ut
840 1707 875 1766 de
893 1707 940 1768 fa-

261 1789 360 1860 milis,
374 1811 435 1868 quae
451 1809 485 1848 ex
500 1791 590 1848 Attali
605 1786 762 1848 haereditate
780 1807 856 1859 erat,
870 1807 940 1886 age-

260 1883 354 1939 retur,
374 1877 401 1929 δι
418 1871 523 1948 populo
541 1869 715 1930 divideretur.
736 1867 848 1928 Deinde
873 1873 939 1928 cu'm

259 1968 412 2030 prorogare
435 1949 489 2009 sibi
513 1949 677 2028 potestatem
696 1949 801 2020 vellet,
819 1948 941 2010 adversis

259 2027 389 2110 auspiciis
407 2031 436 2089 in
454 2030 599 2110 publicum
618 2033 770 2111 processit,
789 2027 940 2112 statimque

260 2109 438 2192 Capitolium
457 2113 558 2189 petiit,
579 2132 696 2172 manum
714 2109 750 2170 ad
769 2129 851 2190 caput
868 2109 940 2170 tese-

259 2211 342 2264 rens,
361 2213 418 2274 quo
438 2191 555 2253 salutem
572 2191 651 2252 suam
667 2193 772 2272 populo
785 2211 938 2250 commen·

259 2272 353 2332 dabat.
378 2273 445 2334 Hoc
468 2275 599 2334 nobilitas
629 2276 669 2333 ita
694 2275 826 2350 accepit,
877 2275 940 2332 uasi

258 2353 391 2414 diadema
423 2353 548 2434 posceret
576 2376 586 2423 3
616 2350 791 2434 segniterque
821 2293 941 2412 cellante

258 2436 360 2496 Mucio
385 2432 534 2504 Consule,
554 2433 649 2512 Scipio
676 2431 781 2491 Nasica
807 2429 886 2510 sequi
911 2432 941 2493 se

256 2519 360 2595 jussis,
381 2517 430 2598 qui
450 2513 557 2576 salvam
576 2511 792 2591 Rempublicam
812 2511 940 2585 vellent,

257 2595 421 2658 Gracchum
448 2596 478 2654 in
501 2593 678 2674 Capitolium
702 2590 858 2673 persecutus
880 2615 939 2674 op·

258 2681 365 2757 pressit.
381 2677 472 2755 CuJus
486 2695 583 2754 corpus
596 2675 720 2734 Lucretii
729 2673 837 2735 AEdilis
852 2694 939 2735 manu

258 2760 288 2818 in
312 2757 442 2819 Tiberim
468 2753 609 2829 millum,
639 2756 714 2816 unde
738 2757 785 2815 ille
807 2753 939 2834 Vespillo

257 2840 355 2900 didus.
380 2839 485 2902 Nasica
508 2857 539 2898 ut
564 2836 677 2900 invidia
702 2833 936 2908 subtraheretur,
