2060 3662
204 303 246 366 68
371 297 683 366 Euraorrr

203 417 310 476 bellum
334 419 446 488 intulit,
471 425 497 477 δι
519 435 616 475 eorum
644 435 739 474 reem
767 411 889 476 Oroden

203 517 244 558 ter
266 500 361 557 vicit:
385 493 523 579 postremb
549 517 596 578 per
618 435 747 576 epislolas
767 517 800 555 ac
821 510 889 556 mu-

204 599 270 638 nera
290 599 424 661 rogatus,
442 581 554 637 veniam
575 580 602 636 ei
622 599 654 636 ac
677 597 775 658 pacem
797 571 886 638 dedit.

204 660 301 722 Ibetiae
320 680 432 739 quoque
455 680 551 742 regem
576 659 698 717 Artacen
720 659 789 716 vicit
806 659 887 730 acie,

206 749 234 801 δι
258 742 288 798 in
307 737 480 800 deditionem
500 741 616 817 accepit.
636 739 803 798 Armeniam
823 739 889 798 Mi-

206 841 305 880 norem
329 821 482 900 Dejotaro,
510 821 630 880 Galatiae
651 821 729 958 cepi,
752 819 888 892 donavit,

207 903 274 982 quia
289 899 378 961 socius
391 903 458 961 belli
469 898 660 960 Mithridatici
687 920 772 960 uerat.
788 899 889 960 Attalo

208 991 235 1043 &
250 983 402 1062 Pylaemeni
415 980 641 1064 Paphlagoniam
652 979 773 1040 reddidit
787 1005 793 1038 :
808 979 890 1040 Aris-

207 1061 336 1123 tarchum
369 1061 488 1124 Colchis
515 1083 609 1154 regem
638 1057 783 1142 imposuit.
814 1061 891 1122 Mox

208 1144 324 1204 Ituraeos
347 1153 374 1204 &
397 1143 503 1202 Arabes
527 1145 615 1213 vrcit3
639 1149 665 1202 &
687 1139 750 1200 crim
773 1139 891 1202 venisset

208 1227 237 1283 in
255 1226 386 1305 Syriam,
402 1225 577 1294 Seleuciam,
591 1223 717 1282 vicinam
729 1221 892 1282 Antiochiae

210 1309 372 1374 civitatem,
392 1306 518 1364 libertate
539 1300 673 1374 donavit,
697 1301 774 1383 qubd
794 1325 891 1385 regem

209 1385 367 1468 Tigranem
409 1407 468 1444 non
499 1381 649 1464 recepisset.
688 1382 893 1444 Antiochensi-

210 1467 262 1525 bus
290 1463 400 1532 obsides
423 1461 544 1525 reddidit
567 1511 576 1536 ,
600 1467 776 1546 aliquantum
806 1469 894 1548 agro-

211 1545 277 1606 rum*
299 1545 518 1628 Daphnensibus
543 1545 638 1617 dedit,
665 1561 721 1626 quo
747 1547 825 1606 lucus
849 1547 892 1606 ibi
983 1541 993 1550 ”

211 1625 360 1707 spatiosior
370 1626 465 1698 fieret,
478 1628 627 1687 delectatus
637 1627 800 1686 amoenirate
816 1627 890 1698 loci,

121 1739 123 1743 v
212 1717 239 1769 δε
262 1731 278 1768 a
300 1727 398 1768 uarum
418 1707 601 1768 abundantih.
619 1706 688 1766 Inde
712 1705 747 1766 ad
764 1705 890 1768 Judaeam

212 1732 405 1872 transgressus,
419 1787 669 1870 Hierosolymam,
683 1807 765 1868 caput
776 1791 869 1926 peritis
878 1835 890 1858 ,

213 1873 295 1929 tertio
309 1867 404 1928 mense
424 1871 515 1948 cepit,
532 1869 681 1929 duodecim
702 1869 773 1928 milli
795 1871 895 1930 us-Ju-

214 1949 337 2009 daeorum
356 1952 475 2020 occisis,
494 1953 596 2010 caeteris
614 1953 644 2008 in
661 1948 746 2008 fidem
762 1948 891 2028 acceptis.

213 2030 268 2090 His
291 2029 389 2114 gestis,
407 2034 437 2090 in
453 2031 553 2091 Asiam
574 2029 602 2090 se
623 2033 744 2112 recepit,
762 2039 789 2092 ὃ(
807 2029 893 2092 linem

156 2189 158 2192 Ι
214 2113 411 2192 antiquissimo
430 2111 506 2171 bello
528 2111 613 2172 dedit.
892 2107 895 2112 ¹

255 2192 323 2252 XV.
337 2193 439 2252 Marco
451 2191 550 2252 Tullio
565 2193 704 2254 Cicerone
723 2211 854 2262 oratore,
867 2202 895 2252 δι

215 2271 253 2332 C.
280 2274 408 2333 Antonio
435 2273 628 2344 Consulibus,
651 2295 727 2333 anno
754 2273 790 2332 ab
813 2273 895 2336 Urbe

216 2352 330 2412 condit&
348 2373 530 2413 ncrxxxrx.
554 2355 657 2412 Lucius
676 2355 724 2414 Ser
747 2355 788 2414 ius
811 2351 897 2415 Cati-

216 2434 296 2503 lina,
316 2433 486 2492 nobilissimi
504 2435 611 2516 generis
635 2437 693 2506 vit,
717 2375 766 2494 dd
787 2434 897 2516 ingenii

215 2515 389 2594 pravissimi,
410 2513 446 2574 ad
465 2513 613 2575 delendam
633 2517 751 2596 patriam
768 2521 897 2595 conjura-

186 2633 188 2637 ,
214 2595 257 2654 vit
284 2613 347 2652 cum
369 2593 558 2676 quibusdam,
585 2596 664 2656 claris
686 2595 821 2676 quidem,
847 2593 897 2658 sed

164 2693 166 2698 ·
216 2674 366 2735 audacibus
386 2678 460 2736 viris.
472 2677 500 2736 A
511 2675 651 2736 Cicerone
669 2677 749 2738 Urbe
769 2673 897 2756 expulsus

217 2754 256 2814 est
271 2779 277 2814 :
291 2753 361 2815 socii
373 2761 430 2836 ejus
445 2754 627 2836 deprehensi,
643 2758 671 2815 in
686 2777 792 2817 carcere
803 2754 896 2815 stran-

217 2837 306 2919 gulati
320 2835 391 2900 sunt.
410 2837 457 2898 Ab
475 2838 623 2911 Antonio,
644 2838 731 2900 altero
749 2835 898 2910 Consule,
