2142 3664
254 279 319 344 268
395 272 803 346 AnnVrcr-or

251 395 359 454 diderat
373 440 382 466 ‚
394 397 597 454 circumventus
610 440 620 466 ,
635 395 709 476 apud
721 394 932 458 Caenofrurium

252 477 378 547 interiit,
403 476 467 534 turn
492 475 538 534 ille
559 475 655 556 praedae
683 475 854 538 conscientia
876 479 930 538 de-

251 557 367 638 lictique
377 603 391 626 ,
409 555 509 637 scripta
525 557 625 616 callide
646 561 803 638 composita
818 557 930 620 Tribu-

250 639 315 708 nis,
335 641 414 719 quasi
432 659 479 718 per
514 639 637 709 retiam,
659 636 843 719 prodidisset,
866 644 932 721 qui-

250 719 302 778 bus
324 716 442 798 interfici
465 659 656 798 jubebantur,
680 721 777 802 illique
798 742 832 780 eo
853 741 932 782 metu
981 791 983 797 .

250 802 361 859 accensi
381 798 488 860 facinus
506 801 656 881 pattavbre.
678 799 787 861 Intereit
805 803 932 876 milites,

250 878 352 940 omillo
373 882 524 962 Principe,
549 883 673 964 Legatos
690 881 784 942 statim
803 883 931 944 Romam

250 956 411 1034 destinant',
436 964 477 1022 uti
494 960 592 1043 suopte
611 963 743 1024 arbitratu
757 964 850 1023 Patres
864 965 929 1024 lm-

249 1063 407 1123 peratorem
422 1044 583 1127 deligerent.
604 1044 714 1120 Quibus
730 1042 785 1102 lroc
804 1043 931 1124 ipsorum

249 1126 429 1204 potissimum
449 1127 597 1184 convenire
613 1146 713 1185 munus
730 1123 930 1206 respondenti-

250 1205 327 1276 bus,
347 1204 452 1265 rursdm
467 1207 593 1289 legiones
611 1206 647 1265 ad
666 1227 714 1267 eos
729 1209 864 1285 rejiciunt.
885 1209 930 1270 Ita

249 1288 389 1366 utrimque
403 1285 507 1366 pudore
524 1309 557 1346 ac
571 1285 710 1348 modestid
720 1287 930 1363 decertabatur,

223 1413 227 1422 .
249 1366 312 1428 rard
334 1369 364 1426 in
386 1365 550 1428 hominibus
571 1371 693 1440 virtute,
715 1369 795 1428 rebus
816 1368 931 1450 praeser-

250 1449 303 1506 tim
329 1445 515 1528 hujusmodi,
542 1471 574 1509 ac
596 1450 683 1532 propb
702 1448 801 1532 ignotd
822 1451 927 1510 militi-

171 1573 172 1576 *
249 1531 310 1590 bus.
335 1528 462 1590 Tantum
482 1531 588 1590 illevit
611 1529 856 1611 severitatemque
877 1535 927 1592 in·

250 1613 384 1692 corruptis
404 1611 508 1672 artibus
529 1615 643 1692 potuit,
663 1630 693 1672 ut
711 1617 768 1689 ejus
786 1615 861 1672 necis
880 1635 931 1674 au-

251 1694 374 1757 ttoribus
395 1695 480 1754 exitio
504 1739 513 1766 ,
540 1697 630 1773 pravis
652 1695 764 1763 metui,
791 1695 874 1754 simul
894 1718 928 1755 ac
950 1767 955 1773 .

249 1773 366 1844 dubiis,
388 1775 498 1854 optimo
518 1777 618 1855 cuique
638 1775 795 1846 desiderio,
819 1778 929 1836 nemini

249 1851 404 1914 insolentiae
436 1874 484 1914 aut
513 1853 693 1915 ostentationi
724 1851 796 1914 effer.
833 1857 929 1936 Atque

250 1935 336 1994 etiarn
351 1933 426 2006 soli,
443 1937 523 2016 quasi
537 1935 681 2008 Romulo,
701 1935 855 2018 interregni
869 1932 929 2017 spe-

250 2018 306 2076 cies
321 2016 458 2088 obvenit,
477 2015 563 2100 longe
579 2013 646 2076 verb
664 2017 821 2100 gloriosior.
839 2018 928 2094 Quod

249 2097 357 2161 facium
376 2099 510 2180 praecipue
528 2097 663 2168 edocuit,
685 2102 783 2158 cuneta
803 2101 832 2156 in
851 2099 929 2160 orbis

249 2179 339 2240 modo
355 2181 447 2250 verti,
468 2177 595 2260 nihilque
613 2178 757 2250 accidere,
779 2178 857 2260 quod
871 2201 929 2240 rur·

248 2260 310 2320 nim
334 2281 436 2321 naturae
458 2263 501 2320 vis
522 2260 591 2320 ferre
612 2280 732 2341 nequeat
752 2263 804 2320 aevi
826 2258 928 2340 spatio.

247 2339 350 2412 Adhuc
368 2341 516 2401 virtutibus
534 2342 695 2420 Principum
715 2362 756 2402 res
775 2342 865 2402 attolli
883 2340 929 2402 fa-

248 2423 328 2493 cile,
350 2423 395 2484 vel
416 2422 554 2493 afflictas,
576 2420 677 2504 easque
695 2421 830 2482 firmiores
849 2443 924 2502 prae-

248 2524 311 2583 ceps
326 2505 402 2563 vitiis
421 2503 488 2562 dari.

289 2583 429 2644 XXXVI.
445 2583 533 2666 Igitur
548 2582 814 2656 tandemSenarus,
832 2583 930 2645 mense

249 2667 356 2732 circiter
385 2663 446 2744 post
474 2665 619 2724 Aureliani
647 2668 789 2724 interitum
818 2663 895 2724 sexto
919 2711 929 2738 ,

249 2745 382 2806 Tacitum
407 2745 421 2802 ὲ
448 2743 638 2806 consularibus
664 2747 762 2804 mitem
789 2744 853 2804 sane
878 2749 928 2804 vi-

248 2849 333 2900 tum,
352 2827 552 2910 imperatorem
569 2844 666 2898 creat,
687 2829 793 2890 cunctis
810 2827 868 2888 fere
885 2829 932 2888 lae-
