2142 3664
152 385 154 390 ,
243 313 309 400 23⁸
385 307 753 380 Avn.V1cTort
902 403 906 410 ¹

241 426 319 510 quod
346 425 391 489 his
418 427 583 492 conversum
610 431 758 510 imperium
786 427 925 492 moestitiae

240 529 299 569 erat
317 555 327 580 ,
345 512 385 569 ob
405 513 589 571 omissionem
608 511 762 593 praedarum
780 532 828 592 per
845 511 924 575 dona

239 589 384 652 munifica.

279 671 424 732 Hactenus
442 671 564 744 Romae,
588 669 635 732 seu
659 693 707 752 per
727 672 841 733 Italiam
865 675 922 734 orti

238 752 393 833 Imperium
418 755 534 824 rexere,
562 750 628 814 hinc
658 753 796 825 advenre3
825 753 921 814 nescio

239 855 353 916 quoque
368 857 404 896 an
417 881 426 906 ,
440 837 513 896 utin
527 832 622 894 Prisco
636 834 795 916 Tarquinio
809 882 820 906 ,
833 836 882 894 lon
906 837 922 895 ὲ

239 916 377 977 meliores.
400 915 440 977 At
461 915 533 976 mihi
551 916 666 998 quidem
686 917 811 976 audienti
831 857 921 979 muita

239 997 421 1080 legentique,
442 997 524 1078 plane
539 1016 735 1078 compertum,
753 997 849 1056 urbem
863 997 922 1057 Ro·

239 1098 318 1138 mam
343 1098 518 1140 externorum
544 1081 666 1152 virtute,
689 1097 773 1160 atque
801 1080 922 1143 insitivis

237 1161 344 1220 artibus
362 1161 496 1240 praecipue
515 1157 634 1220 creville.

278 1239 361 1301 XII.
379 1241 458 1318 Quid
476 1243 552 1300 enim
570 1238 667 1301 Nervis
685 1240 838 1302 Narniensi
854 1261 920 1322 pru·

238 1319 369 1392 dentius,
388 1320 535 1405 magisque
552 1321 753 1386 moderatum?
775 1321 836 1400 Qui
853 1322 919 1384 crim

238 1401 362 1461 extremi
377 1423 457 1463 aetate
470 1402 544 1484 apud
555 1403 722 1485 Sequanos,
737 1401 795 1486 qud
807 1408 920 1484 tyranni

238 1481 342 1543 defecit
366 1504 467 1555 metu,
495 1483 649 1565 imperium
679 1486 796 1545 arbitrio
824 1486 919 1569 legio-

237 1585 306 1624 num
326 1562 436 1646 cepisset
446 1589 456 1638 3
479 1566 529 1625 ubi
544 1563 706 1647 prospexit,
727 1568 782 1626 nisi
800 1562 817 1625 *a
835 1565 920 1648 supe·

237 1645 357 1706 rioribus
383 1645 639 1729 robustioribusque
666 1667 780 1728 corpore
804 1650 920 1710 animo-

237 1747 293 1808 que
320 1730 379 1811 geri
397 1751 456 1789 non
479 1726 577 1810 polle,
599 1727 693 1790 mense
712 1727 790 1789 sexto
807 1751 840 1790 ac
861 1729 917 1789 de-

236 1810 314 1867 cimo
334 1807 422 1869 semet
447 1830 482 1868 eo
501 1810 668 1880 abdicavit,
690 1809 820 1870 dedicato
844 1809 919 1891 priris

237 1886 321 1961 foro,
338 1890 417 1970 quod
432 1892 585 1971 appellatur
597 1891 749 1962 Pervium,
767 1889 825 1973 qud
846 1891 919 1954 aedes

236 1968 374 2030 Minervae
401 1973 570 2031 eminentior
592 1969 734 2054 consurgit
758 2017 767 2042 ,
795 1981 822 2032 &
849 1993 916 2034 ma-

235 2049 422 2134 gnificentior.
443 2052 477 2113 Id
496 2051 559 2112 crim
581 2050 689 2132 semper
709 2055 854 2136 egregium
881 2055 918 2116 sit

236 2135 356 2204 metiri,
377 2153 514 2215 quantum
533 2154 640 2216 queas,
664 2154 754 2215 neque
775 2135 917 2194 ambitio·

235 2235 282 2275 ne·
296 2235 414 2314 praeceps
436 2217 484 2300 agi
506 2237 516 2287 3
542 2236 603 2276 turn
624 2217 653 2275 in
677 2217 819 2295 imperio,
840 2220 919 2294 cujus

234 2294 309 2355 adeo
327 2297 421 2377 cupidi
437 2298 568 2358 mortales
586 2294 670 2366 sunt,
691 2317 722 2355 ut
739 2289 768 2354 id
784 2297 829 2356 vel
848 2296 919 2356 ulti·

235 2397 284 2436 ma
297 2375 420 2438 senectus
433 2377 515 2439 avide
529 2396 613 2457 petat.
633 2375 699 2434 Huc
716 2376 823 2434 accedit
837 2375 919 2457 quod

234 2455 345 2519 suffeeti
359 2461 460 2519 virtute
473 2476 594 2539 quantus
610 2456 729 2515 consilio
745 2452 833 2526 effet,
854 2477 920 2523 ma·

229 2541 279 2622 igis
293 2560 339 2598 ma
363 2537 389 2598 's
405 2559 438 2597 ue
452 2535 591 2619 patefecit.

273 2560 504 2700 Xllfllamque
515 2618 636 2698 Ulpium
647 2615 803 2697 Trajanum
815 2616 916 2679 Italici

233 2700 301 2760 urbe
321 2697 466 2780 Hispania:
486 2717 603 2773 ortum,
624 2699 792 2780 amplissimi
808 2699 916 2760 ordinis

234 2800 330 2842 tamen
352 2801 437 2863 atque
460 2779 599 2842 consulari
623 2781 719 2853 loco,
746 2781 813 2841 adro
836 2799 914 2842 atum

235 2865 360 2946 accepit,
375 2873 402 2926 &
418 2863 503 2928 dedit.
517 2863 585 2926 Hec
601 2863 675 2950 aegte
694 2864 794 2925 clarior
811 2801 917 2935 domi,
957 2856 960 2864 ’
