2142 3664
235 331 306 400 250
389 306 762 376 AnnVrcnon

235 447 314 490 tanto
334 425 413 486 domi
435 419 582 505 forisque,
602 426 695 484 uxoris
718 421 821 503 probra
844 419 921 482 sum2

235 530 314 576 mam
329 509 424 588 gloriae
435 506 578 584 dempsere
592 527 602 574 5
621 525 707 584 quam
721 503 792 563 adeo
808 502 920 564 famose

237 589 379 668 amplexus
390 585 448 656 est,
469 605 500 645 ut
510 583 626 667 cogniti
636 584 774 655 libidine,
793 605 826 642 ac
840 605 920 644 ream

238 667 462 746 conjurationis,
484 663 633 726 retentdrit.
657 665 746 740 Quod
764 685 828 724 cum
848 662 918 724 infi-

238 770 288 808 mo
303 769 382 827 turpe
397 793 405 817 ,
420 765 480 806 rum
498 745 656 826 potentibus
670 766 680 814 5
698 753 724 804 &
745 746 787 804 illi
804 748 919 826 magis,

238 832 284 888 cui
303 850 362 888 non
385 829 487 907 privati
506 849 516 897 3
538 845 627 906 neque
645 827 770 906 singuli,
793 844 840 884 aut
862 827 918 884 fla-

240 912 360 992 gitiosi3
386 905 484 970 vculm
510 909 653 985 imperia,
682 908 845 975 exercitus,
871 923 919 964 at-

240 1011 296 1070 que
315 987 375 1070 ipsu
393 990 463 1048 vitiu
482 983 645 1046 concessbre.
665 986 743 1064 Nam
762 983 825 1046 cum
845 985 922 1065 pedi-

241 1071 293 1132 bus
311 1091 384 1152 aeger
406 1070 512 1127 bellum
535 1086 716 1135 moraretur,
740 1065 825 1146 idque
847 1068 923 1126 mili-

241 1169 283 1211 tes
305 1152 385 1210 auxid
409 1149 537 1216 ferrent,
560 1146 672 1228 ejusque
695 1145 785 1206 lilium
806 1146 921 1206 Bassia-

242 1253 334 1301 num,
360 1231 410 1311 qui
429 1227 523 1290 caesar
541 1227 596 1288 unb
616 1228 739 1296 aderat,
760 1225 921 1307 Augustum

243 1309 389 1380 fenilem,
406 1313 436 1370 in
455 1310 577 1368 tribunal
593 1307 621 1367 se
643 1307 733 1378 ferri,
754 1303 843 1368 adelle
859 1330 924 1368 om-

242 1411 292 1452 nes
304 1437 312 1462 ‚
323 1392 621 1471 Imperatoremqueac
634 1388 776 1448 Tribunos
788 1433 797 1458 ,
816 1387 927 1448 Centu-

244 1475 336 1532 riones
356 1493 388 1530 ac
410 1468 559 1540 cobortes,
580 1470 681 1550 quibus
701 1467 860 1528 aucloribus
878 1491 925 1528 ac-

244 1553 372 1621 uiderat,
390 1549 469 1621 sisti,
485 1571 597 1610 reorum
612 1549 724 1617 modo,
747 1551 835 1627 jussit.
853 1548 925 1625 Quo

245 1653 323 1694 metu
343 1631 439 1692 strutus
459 1629 540 1705 humi
559 1634 672 1698 villor,
694 1628 757 1690 crim
780 1647 924 1690 tantorum

246 1717 379 1774 exercitus
399 1715 510 1772 veniam
539 1729 697 1790 precaretur
717 1733 724 1766 ε
747 1706 925 1780 Sentitisne,

245 1797 357 1874 inquit,
370 1791 480 1872 pulsans
493 1813 596 1860 manu,
609 1810 691 1870 caput
708 1792 822 1868 potius,
836 1789 925 1869 quim

246 1875 329 1956 pedes
349 1877 487 1951 imperare
509 1879 520 1930 Ξ
539 1871 640 1952 Neque
661 1871 752 1930 multo
771 1868 833 1950 post
855 1871 923 1930 Bri·

247 1958 348 2016 tanniae
374 1954 557 2031 municipio,
581 1953 627 2012 cui
649 1951 774 2012 Eboraci
794 1971 926 2023 nomen,

248 2038 328 2099 annis
347 2035 427 2116 regni
448 2031 643 2115 duodeviginti
664 2031 767 2092 morbo
790 2029 929 2092 extindlus

249 2115 297 2184 est.
313 2115 402 2176 Ortus
425 2112 516 2174 medid
530 2109 645 2172 humilis
662 2157 672 2182 ,
692 2109 785 2192 primd
805 2112 926 2182 litteris,

248 2196 349 2264 deinde
369 2196 492 2256 imbutus
509 2193 593 2262 foro,
612 2214 670 2273 quo
684 2213 782 2271 parum
799 2213 929 2252 commo-

250 2277 356 2350 dante,
379 2279 419 2335 uti
436 2277 516 2336 rebus
537 2277 604 2333 artis
625 2271 720 2343 soler,
749 2272 817 2334 dum
839 2291 930 2332 tentat

248 2379 297 2418 aur
313 2360 433 2437 exquirit
451 2357 529 2414 varia
547 2355 742 2432 melioraque,
765 2350 930 2414 conscendit

249 2437 413 2517 Imperium.
428 2437 473 2496 Ibi
483 2438 613 2518 graviora
624 2453 768 2512 expertus,
781 2435 928 2502 laborem,

253 2539 353 2590 curas,
373 2535 500 2585 metum,
517 2525 544 2575 δι
561 2518 666 2576 incerta
684 2512 795 2594 prorsus
806 2516 930 2584 omnia,

250 2602 330 2682 quasi
353 2595 426 2656 tellis
446 2598 509 2656 virt
530 2595 721 2663 mortalium,
743 2591 841 2656 cunda
855 2639 866 2663 ,
881 2597 931 2661 in-

249 2681 335 2762 quit,
368 2677 440 2748 fui3
467 2676 598 2740 conducit
622 2672 701 2738 nihil.
730 2673 824 2738 Funus
851 2673 932 2755 quod

158 2759 161 2766 '
249 2761 331 2821 liberi
352 2759 425 2820 Geta
449 2754 649 2836 Bassianusque
670 2755 795 2817 Romam
817 2754 929 2814 detule-

249 2861 338 2912 runt,
355 2840 424 2900 mire
444 2839 614 2900 celebratum
625 2883 637 2907 ,
655 2837 820 2917 illatumque
834 2835 931 2896 Murci
