2134 3668
239 330 301 392 128
385 326 773 416 Tnsrtnonrn.
873 359 897 368 „

233 445 280 504 ille
294 442 422 502 Aurelius
431 443 534 501 vietor
546 487 555 512 ,
568 442 618 522 qui
636 461 700 499 cum
713 439 923 498 Valentiniano

235 533 333 596 consui
346 535 399 594 fuit
412 556 487 594 anno
501 535 588 596 Urbis
602 553 761 593 crocxxrr.
775 533 818 592 Ac
832 533 923 616 longe

221 631 329 692 *mimis
347 631 486 713 ambigo,
504 633 573 714 quin
592 630 670 690 idem
689 633 725 690 sit
743 631 868 698 Victor,
887 629 924 687 de

214 736 294 809 'quo
312 730 351 788 sic
371 729 541 788 Ammianus
562 727 745 787 Marcellinus
767 725 817 785 lib.
840 715 923 784 xrir.

235 829 387 900 Imperator
396 830 408 898 <
416 824 619 901 Constantius)
631 829 776 890 revertitur
787 823 924 899 Naffitm,

237 925 372 1003 copiofitm
385 927 534 1001 oppidum:
548 927 599 1003 qui
617 928 680 986 inde
693 925 816 1001 expediti
832 929 926 984 cunda

238 1023 386 1104 disponeret
407 1024 471 1103 fitis
492 1025 659 1086 utilitatibus
679 1026 822 1104 profutura
847 1049 857 1082 :
880 1023 927 1082 ubi

246 1124 381 1185 Viteorem
402 1127 474 1199 apud
490 1123 625 1184 Sirmium
643 1115 733 1202 vifitm
745 1169 755 1192 ,
767 1121 928 1200 sitiptorem

239 1222 393 1303 historicum
403 1268 415 1292 ,
429 1225 526 1284 exinde
546 1225 639 1286 vertite
657 1241 817 1298 praeceptum
828 1266 838 1292 ,
849 1220 929 1280 Pau-

241 1315 329 1372 noniae
340 1311 462 1390 sicunde
483 1316 652 1395 Confitlartm
666 1317 808 1395 proficit,
829 1313 856 1374 ἃ
878 1315 929 1373 Ιια-

240 1407 354 1466 notavit
371 1410 444 1468 aeneri
455 1411 566 1489 staturi,
585 1411 677 1472 vinem
689 1409 850 1488 fizbrietatis
867 1432 930 1488 gra·

243 1503 285 1559 tici
305 1504 515 1577 multitatem,
536 1509 620 1566 multi
641 1509 698 1588 post
726 1505 797 1566 Urbi
816 1506 930 1582 praeftc-

243 1616 308 1656 tum.
326 1595 422 1678 Atque
434 1618 469 1656 eo
484 1619 517 1658 ex
535 1600 601 1658 loco
617 1601 700 1660 simul
715 1597 931 1682 cognoscimus,

244 1684 302 1768 quo
320 1689 440 1762 virtute,
458 1699 485 1750 &
502 1687 680 1752 honestarum
697 1692 800 1750 artium
815 1688 933 1758 studiis,

243 1781 407 1861 pertigerit,
426 1782 492 1842 licet
509 1806 567 1844 rure
587 1803 683 1854 ortus,
702 1786 825 1860 tenuique
846 1780 934 1844 &in-

242 1885 320 1940 'dotio
337 1900 417 1954 patre
430 1928 442 1952 ,
462 1902 493 1942 ut
512 1881 571 1962 ipse
593 1882 676 1944 dese
698 1883 802 1944 Vicior
823 1885 853 1942 in
878 1883 934 1942 Se·

246 1992 313 2030 veto
338 1969 441 2034 scribit.
465 1973 582 2034 Exstant
607 1974 688 2055 hujus
717 1976 843 2036 Vitioris
872 1975 938 2035 libri

144 2117 147 2122 .
248 2065 314 2125 duo.
335 2065 414 2124 Prior
434 2065 473 2126 est
492 2067 526 2127 de
545 2069 624 2128 Viris
642 2066 795 2128 illustribus
814 2065 830 2127 ὲ
848 2069 939 2127 Proca

249 2160 389 2242 usquead
410 2161 517 2222 iulium
539 2161 775 2242 Caesarurn,'qui
796 2161 841 2221 vel
861 2159 940 2221 Cor-

250 2262 326 2320 nelio
352 2259 487 2340 Nepoti,
508 2262 554 2321 vei
577 2262 671 2320 Plinio
697 2261 939 2332 Novocomensi,

250 2353 296 2410 vel
312 2352 447 2411 Suetonio
468 2355 553 2412 etiam
572 2351 643 2414 falso
662 2354 749 2413 tribui
766 2351 845 2412 solet.
860 2351 941 2412 Alter

252 2445 377 2502 continet
405 2445 476 2502 vitas
502 2443 643 2504 Caesarem
664 2444 751 2527 usque
778 2443 813 2504 ad
834 2444 943 2504 Juliani

246 2533 366 2596 ¹tertium
391 2535 578 2598 consulatum.
599 2539 654 2598 His
673 2539 777 2599 libellis
796 2541 943 2620 praemitti-

251 2649 296 2690 tut
320 2631 408 2710 Origo
428 2635 518 2711 gentis
540 2631 677 2692 Romanae.
707 2633 763 2692 Sed
787 2653 834 2692 cur
856 2655 942 2694 com-

254 2731 472 2792 mentatiuncula
499 2730 571 2790 istaec
596 2735 689 2792 minus
715 2732 840 2792 credatur
865 2729 943 2810 ejus·

255 2817 320 2888 dem
341 2823 392 2887 effe
415 2827 541 2888 Vitiorir
559 2871 569 2900 ,
589 2827 738 2890 verisimile
762 2825 830 2887 facit
847 2825 946 2888 titulus
