2134 3668
228 333 295 396 124
343 308 559 377 Euraorrr
584 308 711 376 errra
737 309 780 375 X.
846 328 850 336 s

245 449 285 488 uae
305 426 549 496 commemoravi,
572 423 678 485 sudium
701 423 748 484 est.
774 425 852 486 Nam
875 435 904 487 δε

223 451 397 572 gannitibus
410 517 437 568 &
449 507 633 566 Numantinis
646 515 673 567 &
684 505 818 566 Numidis
833 528 904 567 con·

224 588 316 649 festim
342 590 415 648 bella
440 587 517 647 illata
535 584 607 646 sunt
627 609 634 644 τ
655 607 745 667 neque
768 609 822 667 pax
842 609 904 650 rata

224 669 287 730 fuit.
311 669 366 730 Sed
387 669 455 728 dum
481 667 612 728 aemulum
632 669 744 747 imperii
767 689 877 728 veretur
890 716 902 739 ,

223 753 296 813 intra
323 751 470 810 Orientem
500 749 649 818 residens,
700 748 775 807 loriae
805 770 903 829 parum

224 829 373 890 consuluit.
393 831 493 910 Itaque
508 832 559 889 iter
582 769 734 911 ingrellirs,
756 847 839 910 atque
858 830 902 889 ll-

223 913 342 993 lyricum
362 931 476 991 petens,
497 912 527 970 in
547 909 668 970 Galatiae
686 907 788 970 finibus
806 931 903 990 repen·

225 991 286 1052 tini
308 1012 398 1052 morte
423 991 496 1052 obiit
516 1013 523 1048 r
542 991 585 1052 vir
604 987 673 1054 aliis
693 1011 784 1072 neque
805 993 901 1062 iners,

225 1095 316 1154 neque
331 1071 499 1153 imprudens.

196 1207 198 1213 .
264 1155 401 1214 XVIII.
423 1153 512 1212 Multi
537 1153 728 1211 exanimatum
754 1153 904 1231 opinantur

225 1233 316 1296 nimii
328 1233 460 1294 cruditate
469 1254 480 1304 3
490 1234 563 1292 inter
573 1231 740 1292 coenandum
752 1234 827 1290 enim
841 1254 905 1313 epu-

225 1317 260 1377 lis
280 1313 457 1374 indulserat:
479 1313 529 1373 alii
549 1313 636 1373 odore
659 1313 804 1383 cubiculi,
826 1313 906 1394 quod

226 1417 261 1455 ex
277 1397 379 1456 recenti
399 1396 516 1454 tedborio
537 1395 620 1454 calcis
634 1414 718 1477 grave
735 1391 906 1474 quiescenti-

227 1476 279 1536 bus
291 1495 348 1536 erat
358 1499 364 1532 :
373 1474 490 1556 quidam
501 1476 645 1534 nimietate
657 1495 824 1556 prunarum,
836 1496 907 1556 quas

228 1559 309 1640 gravi
320 1555 424 1639 frigore
439 1555 544 1614 adoleri
557 1555 659 1614 multas
672 1552 789 1635 jusserat.
803 1555 908 1616 Deces-

227 1640 264 1698 sit
278 1638 389 1719 imperii
405 1633 500 1696 mense
516 1634 656 1717 septimo,
670 1635 907 1716 quarto-decimo

227 1719 369 1786 Kalendas
389 1718 533 1778 Martias:
556 1717 667 1787 aetatis,
690 1737 721 1776 ut
744 1718 792 1798 qui
813 1717 905 1797 pluri-

228 1821 309 1872 mum
329 1821 362 1859 ac
383 1799 535 1857 minimum
554 1796 687 1868 tradunt,
709 1799 791 1856 tertio
809 1806 837 1856 δι
856 1801 907 1858 tri-

228 1883 338 1964 gesimo
357 1899 433 1938 anno
452 1900 458 1934 ι
476 1899 509 1937 ac
529 1878 703 1972 benignitate
725 1880 880 1958 principum
893 1927 906 1951 ‚

229 1963 280 2042 qui
306 1962 333 2020 ei
357 1954 566 2028 successerunt,
595 1977 666 2019 mter
688 1958 780 2020 Divos
805 1959 907 2020 relatus
969 1983 982 2010 κ

228 2040 292 2120 est3
313 2060 380 2102 nam
404 2040 579 2100 &civilitati
601 2041 734 2120 propior,
754 2049 781 2100 &
807 2039 914 2100 naturis

229 2121 385 2192 admodum
403 2119 524 2181 liberalis
543 2118 605 2180 fuit.
624 2120 651 2180 Is
667 2117 751 2179 status
768 2138 825 2179 erat
839 2120 905 2179 llo-

229 2223 320 2264 rnanae
335 2205 399 2275 rei,
421 2203 543 2265 Joviano
565 2200 665 2261 eodem
684 2209 711 2260 δι
724 2201 908 2266 Varroniano

230 2281 423 2352 Consulibus,
443 2304 519 2341 anno
537 2281 624 2342 Urbis
644 2281 763 2340 conditae
785 2280 907 2340 millesi-

229 2385 280 2424 mo
295 2365 486 2423 centesimo&
498 2361 708 2426 nonodecimo.
721 2361 798 2438 Quia
811 2382 907 2422 autern

230 2445 268 2506 ad
294 2445 413 2525 inclytos
433 2442 569 2521 principes
591 2440 818 2524 venerandosque
839 2464 906 2522 per·

104 2549 112 2560 ‘
155 2542 158 2547 ’
229 2543 344 2587 ventum
364 2523 425 2593 est,
446 2523 558 2581 interim
577 2525 656 2602 operi
677 2523 794 2586 modum
819 2523 906 2584 dabi.
950 2539 953 2545 =

230 2627 300 2668 mus.
326 2604 405 2664 Nam
430 2601 537 2683 reliqua
559 2601 631 2684 stylo
653 2609 758 2684 majore
788 2604 908 2668 dicenda
949 2609 953 2615 ’

230 2685 313 2747 sunt:
329 2707 390 2766 quae
407 2704 480 2743 nunc
500 2703 633 2744 nontam
650 2687 908 2764 praetermittimus,

230 2765 316 2847 quim
341 2765 377 2824 ad
402 2769 538 2845 majorem
566 2762 704 2834 scribendi
730 2765 908 2850 diligentiam

206 2907 208 2915 ,
229 2847 407 2916 reservamus,

472 2927 499 2991 F
516 2925 536 2986 I
553 2926 588 2987 N
603 2927 623 2986 Ι
639 2925 669 2988 S.
712 2946 722 2993 ,·
