2142 3664
216 245 285 328 256
356 195 769 332 ΔυιιῑῐισῖοιεΙ
823 325 826 330 ,
874 314 877 321 ,

213 361 361 439 imperium
390 363 551 442 cognovit,
574 363 687 439 praemia
708 360 833 439 amplum
858 362 889 421 in

160 481 166 489 =
213 439 332 498 modum
349 437 510 511 ostentans,
524 441 648 500 Romam
666 441 774 523 legatos
792 463 824 500 ac
844 443 890 502 lit-

212 538 283 578 teras
303 517 503 591 destinaverat,
525 521 627 600 quibus
647 540 746 580 necato
764 542 798 580 eo
820 521 891 582 stus·

117 651 121 656 .
213 617 300 659 tratos
319 598 346 660 se
366 601 467 660 milites
480 623 516 660 an
537 601 673 671 ebantur,
692 622 778 684 genus
796 600 891 662 homi·

213 701 282 740 num
306 683 427 759 pecuniae
451 622 598 760 cupidius,
620 679 762 762 fidumque
783 703 816 740 ac
837 683 890 742 bo-

211 781 282 820 num
306 758 367 820 solo
394 759 505 841 quaestu.
533 762 572 820 At
597 761 714 822 Senatus
739 781 889 834 mentone,

212 861 249 898 ne
264 841 348 900 nullis
368 842 550 910 restoribus,
573 838 662 921 specie
685 861 770 922 captae
790 841 888 914 urbis,

212 924 352 980 atrociora
384 921 572 990 acciderent,
600 923 693 1000 primo
723 921 891 1002 potestatum

212 1004 309 1072 vices,
331 1023 398 1061 mox
424 1000 586 1080 conscriptis
610 1004 794 1078 junioribus,
819 1003 890 1064 Clo-

189 1078 192 1084 ’
211 1080 291 1142 dium
308 1081 484 1161 Pupienum,
498 1082 646 1144 Caecilium
662 1084 812 1144 Balbinum
827 1083 891 1146 Cae-

212 1159 286 1222 sares
306 1161 453 1237 constituit.

253 1243 399 1301 XXVII.
416 1241 574 1322 Iisdemque
588 1242 778 1324 perAfricam
792 1243 891 1306 diebus
964 1287 967 1290 -

212 1323 315 1383 milites
336 1322 513 1383 Gordianum
537 1322 677 1383 Gordiani
703 1321 817 1395 filium,
840 1328 891 1406 qui

199 1400 286 1461 sort&
312 1403 495 1476 contubernio
522 1406 605 1480 patris
629 1423 830 1483 pretextatus,
856 1428 889 1464 ac

212 1482 341 1563 deinceps
354 1483 502 1544 Praefeslus
515 1483 647 1555 Praetorio
666 1487 817 1554 intererat,
831 1486 890 1546 Au·

234 1561 322 1624 ustum
344 1566 469 1624 creavsre
487 1587 496 1634 3
515 1583 607 1644 neque
626 1561 692 1624 sane
714 1563 819 1624 fastum
838 1587 889 1624 no·
953 1575 955 1579 ’

211 1583 304 1704 silicas
321 1643 472 1726 aspernata.
486 1645 616 1726 Denique
631 1647 721 1714 accito
741 1666 797 1714 eo,
817 1647 889 1706 iuter

212 1724 337 1804 implana
360 1725 448 1786 Urbis
473 1745 555 1806 atque
583 1723 644 1805 ipso
668 1728 730 1786 sinu
751 1726 889 1786 Praetoriae

212 1825 311 1865 manus
332 1808 391 1864 acie
411 1805 505 1866 deleta:
527 1826 574 1884 per
596 1805 785 1886 gladiatorum
806 1805 892 1866 fami·
966 1851 969 1856 -

204 1883 295 1953 lias,
324 1887 503 1966 tironumque
536 1888 695 1948 exercitum.
722 1887 801 1946 Dum
831 1883 890 1946 haec

212 1962 312 2023 Roma
335 1985 492 2047 geruntur,
520 1965 588 2025 Julii
614 1966 792 2036 Maximini,
817 1987 890 2046 quos

212 2043 286 2104 forte
302 2043 335 2104 eal
354 2044 514 2126 tempestate
533 2043 657 2104 Thracia
669 2047 825 2115 retinebat,
846 2068 892 2108 ac·

213 2129 299 2204 ceptis
317 2148 377 2204 quae
394 2146 563 2196 evenerant,
585 2126 697 2186 Italiam
716 2127 830 2206 propere
844 2148 889 2207 pe-

213 2223 284 2266 tunt.
303 2207 361 2267 Eos
375 2207 514 2287 Pupienus
529 2207 638 2287 Aquila
656 2207 805 2266 obsidione
818 2229 889 2268 con·
907 2245 909 2250 ·

212 2285 304 2355 fecit,
324 2285 470 2368 postquam
488 2289 582 2368 praelio
600 2289 689 2346 vidos
707 2289 807 2368 reliqui
824 2309 892 2368 pau·

213 2367 293 2426 latim
307 2365 489 2426 deseruerant.
503 2368 617 2427 Horum
633 2371 751 2446 imperio
766 2368 802 2428 ad
813 2369 891 2429 bien·

213 2449 293 2506 nium
303 2467 352 2526 per
369 2446 530 2526 hujusmodi
545 2468 639 2507 moras
654 2469 742 2508 annus
752 2452 900 2528 quaesitus·

212 2525 317 2606 Neque
350 2529 440 2587 multo
474 2525 535 2607 post
570 2529 692 2588 tumultu
725 2529 904 2589 militarium

214 2605 321 2668 Clodio
346 2605 518 2688 Caecilioque
536 2607 636 2668 Romae
657 2611 731 2668 intra
750 2609 890 2670 Palatium

215 2690 315 2756 caesis,
337 2688 500 2751 Gordianus
519 2687 594 2750 solus
615 2710 734 2772 regnum
757 2690 902 2754 obtinuit.¹

215 2767 315 2850 quue
338 2790 412 2830 anno
433 2767 508 2831 lustri
526 2773 701 2840 certamine,
716 2770 794 2852 quod
809 2767 890 2832 Nero
