2142 3664
209 324 266 376 nr
286 310 404 384 Vrnrs
422 300 711 384 rtrusrrrrrnus.
744 336 805 399 ¹93

130 447 235 490 cerunt.
248 429 365 510 Syriaco
376 431 456 492 bello
464 429 608 502 Tribunus
619 433 743 490 militurn
758 429 810 490 sub
846 469 850 476 ·

10 559 13 564 .
128 509 174 570 M.
200 511 294 570 Acilio
319 513 476 572 Glabrione
498 515 640 592 occupatis
661 509 808 570 Thermo·-
835 553 836 556 =

116 591 257 670 ‘pylatum
283 595 389 676 jugis,
420 593 578 674 praesidium
605 589 727 652 hostium
756 592 808 652 de·

122 669 208 752 'puliti
232 671 342 733 Censor
366 674 399 744 L.
426 675 598 734 Flaminium
620 672 811 734 Consularem
932 689 933 696 ’

130 753 236 824 Senatu
250 757 365 824 movit,
382 753 461 836 qubd
474 755 521 814 ille
537 757 567 813 in
581 754 698 824 Gallia,
715 754 751 814 ad
762 777 812 814 cu·
914 811 915 816 ,

128 831 242 912 jusdam
256 831 339 894 scorti
353 831 562 914 spedaculum,
576 835 707 894 edudlurn
721 856 811 917 quen-

130 913 199 974 dam
219 915 234 972 ὲ
256 935 386 986 carcere,
411 917 441 988 in
460 917 592 976 convivio
611 916 733 996 jugulari
752 915 811 976 ‘us-

131 991 215 1054 sillet.
230 993 381 1056 Basilicam
404 993 453 1054 suo
473 997 590 1056 nomine
610 997 714 1075 primus
735 938 812 1058 secit.

129 1075 299 1147 Matronis,
315 1096 481 1137 ornamenta
505 1095 599 1156 erepta
618 1075 715 1157 Oppia
731 1078 814 1159 lege,

133 1157 322 1236 repetentibus
358 1156 464 1218 restitit,
498 1155 653 1218 Accusator
690 1157 814 1218 assiduus

134 1238 275 1298 malorum
289 1284 301 1308 ,
327 1237 451 1299 Galbam
474 1239 671 1320 odlogenatius
693 1236 812 1298 accusa-

134 1319 176 1378 vit
187 1341 198 1388 3
211 1317 269 1400 ipse
281 1317 446 1403 quadragies
459 1331 556 1399 quater
569 1316 711 1378 accusatus
724 1365 734 1389 ,
746 1319 814 1458 glo-

134 1399 206 1472 rrosb
238 1399 389 1473 absolutus.
424 1398 630 1482 Carthaginem
664 1399 744 1460 delen
766 1421 813 1459 am

134 1478 250 1542 censuit.
277 1479 343 1542 Post
364 1483 510 1563 odloginta
533 1502 621 1540 annos
641 1477 731 1540 filiurn
778 1502 813 1538 e-

135 1565 222 1704 rsrulita
238 1563 339 1645 imago
353 1559 455 1640 hujus,
475 1560 578 1622 funeris
591 1559 681 1644 gratiis
698 1502 815 1641 prodici

150 1661 218 1702 oet.

177 1723 316 1786 XLVlll.
337 1719 499 1782 Hasdrubal
517 1721 599 1782 frater
615 1720 785 1782 Hannibalis
803 1769 815 1794 ,

138 1805 299 1887 ingentibus
315 1805 404 1884 copiis
418 1806 448 1864 in
463 1804 575 1864 ltaliam
588 1806 750 1880 transjecit,
771 1827 817 1864 ac·

139 1905 254 1967 tumque
270 1884 304 1944 de
322 1885 456 1946 Romano
468 1885 591 1964 Imperio
608 1904 688 1955 erat,
711 1887 733 1946 si
751 1889 816 1965 jun-

160 1987 204 2025 ere
221 1965 250 2026 se
265 1966 424 2033 Hannibali
442 1963 578 2044 potuisset.
602 1965 658 2026 Sed
679 1966 817 2028 Claudius

135 1988 239 2118 Hero,
264 2049 359 2128 quiin
375 2045 481 2127 Apulia
499 2069 563 2106 cum
582 2047 745 2106 Hannibale
764 2069 815 2108 ca-

138 2125 193 2190 stra
213 2133 417 2206 conjunxerat,
440 2127 536 2186 relistal
555 2129 584 2186 in
604 2125 695 2185 castris
720 2148 818 2206 parte,

138 2230 206 2278 ‚cum
223 2208 336 2268 delestis
356 2208 392 2266 ad
411 2205 618 2266 Hasdrubalem
638 2210 818 2285 properavit,

141 2297 170 2358 ¹dr
191 2287 219 2348 se
240 2290 324 2348 Livio
342 2288 456 2368 collega
477 2286 552 2366 apud
564 2286 666 2346 Senam
683 2287 821 2368 oppidum

141 2380 170 2430 δι
186 2370 348 2430 Metaurum
368 2370 474 2428 flumen
492 2370 658 2444 conjunxit,
679 2369 820 2450 amboque

140 2449 352 2521 Hasdrubalem
366 2451 500 2510 vicerunt
523 2449 601 2508 Nero
620 2469 648 2508 re
669 2445 750 2508 tellus
764 2453 824 2530 pari

130 2533 303 2609 ¹celeritate,
322 2529 378 2611 qud
390 2549 523 2599 venerat,
538 2548 620 2608 caput
670 2527 824 2590 asdrubalis

144 2632 209 2670 ante
228 2613 334 2670 vallum
350 2610 521 2670 Hannibalis
540 2611 663 2688 projecit.
689 2611 757 2687 Quo
776 2613 823 2670 ille

141 2689 232 2760 ¹uiso,
253 2692 329 2749 vinci
349 2688 376 2748 se
396 2688 518 2748 Fortun&
539 2687 723 2772 Carthaginis
749 2713 822 2750 con-

146 2769 236 2832 sessus.
265 2771 315 2830 Ob
331 2767 389 2828 hac
405 2771 502 2828 Livius
520 2768 718 2851 triumphans,
745 2772 824 2834 Nero

37 2890 40 2914 ἰ
146 2874 255 2924 ovans,
276 2847 385 2914 Urbem
407 2851 579 2910 introierunt.

690 2914 727 2989 1‘
