2110 3666
291 365 644 423 nrrromn
735 379 798 445 3ss

122 472 150 525 δι
162 463 290 526 Africam
302 513 311 538 ,
327 467 525 542 Dalmatiam,
539 469 693 532 Thraciam
705 520 715 543 ,
731 477 802 536 Ma-

123 545 273 606 cedoniam
296 569 353 620 ue,
377 559 404 610 &
423 549 564 612 Achaiam
591 555 805 616 :Anibalianus

122 625 262 688 Delmatii
310 627 401 690 aesaris
427 631 672 716 consanguineus,
697 637 803 696 Arme·

122 709 226 778 niam,
249 710 431 792 nationesque
457 713 661 775 circumsocias.
687 716 805 779 Interim

123 789 162 846 ob
181 787 294 860 ltaliae,
317 792 418 852 Africae
440 815 474 852 ue
495 799 535 854 'us
552 792 689 855 dissentire
711 795 804 860 statim

124 867 327 932 Constantinus
358 883 384 933 δι
416 815 566 936 sonsans.
600 875 812 944 Constantinus

125 949 265 1010 latrocinii
296 952 385 1034 specie
420 955 487 1016 dum
517 960 642 1018 incautus
672 957 803 1040 foecleque

125 1032 293 1093 temulentus
323 1037 353 1094 in
378 1036 469 1097 aliena
496 1041 596 1108 irruit,
623 1039 804 1102 obtruncatus

126 1111 184 1184 est,
208 1114 400 1198 projeslusque
422 1119 451 1176 in
472 1119 612 1188 fluvium,
635 1122 679 1178 cui
698 1142 804 1183 nornen

126 1193 195 1255 Alsa
217 1197 278 1267 est,
300 1219 358 1256 non
377 1197 463 1282 longe
486 1200 522 1258 ab
542 1200 682 1281 Aquileia.
708 1201 805 1262 Cons-

126 1294 187 1336 tans
207 1275 275 1337 veto
297 1277 419 1338 venandi
438 1280 567 1360 cupidine
593 1279 660 1340 dum
682 1301 729 1362 per
751 1285 802 1343 sil·
891 1325 895 1331 -

126 1376 175 1417 vas
202 1356 340 1440 saltusque
369 1380 499 1428 erraret,
532 1357 721 1441 conspiravere
746 1365 802 1424 ali-

96 1513 98 1518 ,
126 1441 225 1518 quanti
246 1441 378 1499 militares
402 1442 432 1499 in
452 1445 510 1518 ejus
530 1463 650 1513 necem,
679 1442 802 1505 auslori-

126 1519 177 1578 bus
197 1517 326 1580 Chreslio
340 1530 366 1580 δι
377 1521 568 1590 Marcellino,
587 1523 724 1604 simulque
740 1526 804 1585 Mu-

126 1603 272 1680 gnentio:
318 1603 347 1659 ul
370 1602 419 1661 ubi
449 1602 577 1680 patrandi
608 1607 716 1740 nepotis
746 1605 804 1666 dies

146 1681 256 1749 lacuit,
318 1682 461 1740 arcellinus
483 1683 605 1740 natalem
654 1684 685 1743 lii
710 1685 803 1745 simu-

126 1700 187 1820 lans
209 1759 354 1842 plerosque
379 1761 414 1821 ad
436 1781 553 1845 kcoenam
584 1783 674 1846 rogat.
705 1764 805 1846 ltaque

126 1844 157 1901 in
184 1842 304 1900 multam
330 1845 444 1903 noslem
476 1845 607 1902 convivio
636 1845 803 1920 celebrato,

125 1923 310 2005 Magnentius
333 1926 412 2003 quasi
437 1923 472 1982 ad
496 1925 598 1984 ventris
623 1922 704 1984 solita
728 1925 804 1986 sece-

126 2003 219 2073 dens,
245 2001 374 2063 habitum
394 2003 583 2064 venerabilem
607 2008 689 2085 capit.
711 2006 754 2065 Ea
775 2029 804 2066 re

126 2083 260 2168 cognita,
280 2082 422 2146 Constans
449 2085 544 2166 sugere
571 2104 706 2154 conatus,
730 2087 804 2165 apud

126 2164 266 2224 Helenam
294 2165 430 2246 oppidum
459 2165 590 2244 Pyrenaeo
617 2166 802 2244 proximum,

127 2242 291 2306 *aGaisone
317 2267 381 2305 curn
406 2245 561 2305 lectissimis
587 2240 667 2303 misso
691 2245 802 2305 intersi-
884 2249 886 2253 ’

128 2327 197 2386 citur
221 2327 295 2386 anno
318 2330 400 2386 tertio
423 2326 534 2386 decimo
555 2323 686 2408 Augustae
705 2325 803 2385 dorni-

127 2409 249 2468 nationis
268 2414 356 2480 (nam
376 2406 473 2469 Caesar
490 2407 611 2466 triennio
629 2404 738 2480 suerat)
753 2412 805 2468 aevi

127 2485 249 2568 septimo
267 2492 467 2569 vicesimoque.
489 2487 546 2547 Hic
566 2485 620 2545 fuit
638 2487 735 2545 debilis
754 2507 804 2567 pe-

128 2567 209 2628 dibus
237 2568 445 2652 manibusque,
471 2567 650 2628 articulorum
680 2565 803 2639 dolote3

128 2647 285 2710 fortunatus
307 2652 370 2710 coeli
395 2651 547 2730 temperie,
574 2647 713 2707 frueruum
735 2669 805 2727 vpro-

127 2749 233 2802 ventu,
257 2730 334 2791 nulli
358 2729 375 2790 a
397 2731 524 2790 Barbatis
548 2727 699 2788 formidine
711 2749 721 2798 3
742 2749 804 2808 quae

127 2810 256 2890 profesio
275 2817 385 2892 majora
409 2810 524 2881 fierent,
550 2811 573 2868 si
597 2810 803 2888 provinciarum

127 2891 243 2954 cessores
260 2915 319 2954 non
338 2895 451 2976 pretio,
471 2890 518 2952 sed
536 2889 642 2970 judicio
660 2888 804 2971 provexis-
