2134 3668
210 351 265 400 nn
285 331 405 404 Virus
431 349 718 403 rrrusrnruus.
748 338 808 423 185

136 449 290 533 Tiphatam
301 499 312 523 ,
323 462 350 514 &
361 455 423 536 agri
432 458 528 536 jugera
539 457 695 536 quingenta
705 453 815 535 publicb

138 534 213 594 data.
359 538 367 552 “

178 613 319 676 XXXIV.
329 617 437 696 Appius
447 615 585 676 Claudius
598 615 697 677 Cacus
708 619 737 676 in
751 637 817 674 cen-

139 692 202 754 suri
225 695 369 755 libertinos
389 718 501 778 quoque
526 701 556 756 in
578 697 716 757 Senatum·
737 698 815 780 legit.

138 776 282 854 Epulandi
301 777 522 858 decantandique
542 783 585 858 jus
605 779 766 837 tibicinibus
789 781 818 838 in

139 857 254 935 publico
274 855 387 916 ademit.
405 858 476 917 Duae
497 857 612 917 familiae
633 857 668 917 ad
689 855 820 918 Herculis

141 935 219 996 sacra
237 935 309 996 sunt'
321 935 484 1006 destinatae,
505 937 674 998 Potitiorum
695 947 722 1000 &
736 939 821 998 Pina-

143 1019 257 1076 riorum.
278 1017 397 1076 Potitios
413 1017 542 1078 Herculis
558 1016 713 1079 sacerdotes
731 1021 821 1098 pretio

143 1100 288 1177 corrupit,
312 1117 346 1156 ut
360 1095 435 1157 sacra
450 1099 591 1160 Herculea
610 1097 703 1160 servos
723 1100 820 1180 publi-

144 1197 192 1236 cos
220 1178 398 1248 edocerent,
427 1179 500 1238 unde
526 1200 642 1240 taecatus
666 1179 705 1239 est
727 1203 733 1236 :
755 1201 823 1263 gens

144 1258 314 1319 Potitiorum
338 1258 461 1320 funditris
485 1263 575 1340 petiit
594 1262 640 1321 Ne
664 1259 822 1322 consulatus

88 1347 95 1364 '
144 1359 210 1398 turn
240 1341 345 1420 plebeis
376 1343 660 1411 communicaretur,
689 1343 823 1402 acerrime

143 1419 249 1481 restitit.
267 1421 313 1481 Ne
331 1421 432 1481 Fabius
450 1421 524 1482 solus
543 1421 580 1481 ad
600 1423 705 1482 bellum
727 1427 823 1483 mitte·

144 1521 247 1572 retur,
277 1502 452 1562 contradixit.
480 1504 627 1576 Sabinos,
650 1504 823 1574 Samnitas,

144 1581 278 1641 Etruscos
292 1583 368 1640 bello
386 1583 506 1642 domuit.
520 1583 609 1644 Viam
629 1582 716 1663 usque
730 1586 822 1644 Brun-

146 1662 250 1722 disium
268 1663 407 1741 lapidibus
428 1661 523 1722 stravit
542 1709 551 1734 ,
570 1663 644 1722 unde
665 1665 713 1722 illa
731 1667 825 1744 Appia

148 1742 231 1802 dieta.
246 1743 359 1823 Aquam
376 1743 515 1804 Anienem
533 1746 563 1802 in
579 1745 690 1804 Urbem
706 1745 824 1806 induxit.

148 1821 307 1884 Censuram
332 1819 406 1884 solus
424 1827 505 1884 omni
529 1825 721 1906 quinquennio
744 1827 823 1886 ohti-

114 1908 118 1914 '
147 1906 217 1964 nuit.
247 1903 323 1965 Crirn
351 1904 384 1964 de
406 1927 473 1986 pace
500 1903 602 1987 Pyrrhi
627 1927 773 1986 ageretur,
798 1916 827 1968 δι

148 1988 237 2068 gratia
257 2005 402 2065 potentum
418 2008 467 2067 per
483 1987 612 2069 legatum
625 1987 746 2049 Cineam
766 2009 828 2068 pre-

148 2068 189 2144 tio
210 2086 396 2146 quaterem,
418 2067 544 2130 senex&
564 2090 649 2128 caecus
674 2069 773 2129 ledrich
795 2072 826 2130 in

148 2146 282 2206 Senatum
311 2148 383 2207 latus
407 2194 418 2217 ,
444 2151 615 2227 turpissimas
649 2149 825 2210 conditiones

149 2247 196 2286 ma
219 2225 303 2286 nificti
320 2231 449 2286 oratione
470 2226 606 2288 discussit.

189 2247 330 2367 XXXV.
348 2306 467 2389 Pyrrhus
487 2331 534 2369 ter
546 2309 746 2389 Epirotarum,
768 2333 828 2371 ma-

157 2405 236 2447 terno
260 2409 361 2470 genere
376 2389 411 2448 ab
422 2387 534 2448 Achille
549 2436 558 2460 ‚
573 2411 687 2469 paterno
706 2393 741 2451 ab
752 2391 828 2452 Her-

151 2469 212 2528 cule
231 2470 362 2530 oriundus
381 2515 390 2540 ,
411 2469 474 2530 etim
494 2474 644 2550 imperium
666 2467 740 2532 orbis
761 2475 827 2556 agi-

151 2567 243 2618 taret,
261 2559 287 2608 δι
305 2551 450 2610 Romanos
480 2562 588 2614 orentes
601 2553 723 2625 videret,
738 2553 830 2633 Apol-

151 2631 240 2690 linem
258 2629 382 2689 debello
402 2573 548 2693 tonsitluit.
563 2633 614 2692 Ille
631 2635 763 2718 ambigue
777 2633 830 2696 res-

151 2709 274 2791 pondit:

169 2795 227 2845 Aro
241 2807 279 2843 τι
291 2793 416 2846 AEncrnn
431 2794 576 2849 Rounnos
589 2811 718 2850 vrncnnr
735 2811 830 2852 nosse.

151 2882 218 2943 Hoc
239 2879 316 2943 dieto
337 2887 366 2944 in
388 2885 563 2946 voluntatem
586 2890 698 2957 tradlo,
726 2887 830 2947 auxilio
