2142 3664
219 280 286 346 228
362 273 488 348 Aur.
517 279 729 350 Vrcrort

218 417 340 478 nemque
378 395 536 456 familiam*
558 396 730 460 seviebatur.
765 396 902 480 Namque

220 478 404 548 Claudium,
432 480 474 536 uti
497 475 579 558 supra
606 477 781 550 docuimus,
803 480 902 540 naturai

240 556 487 618 erformidolosum
502 605 512 630 ,
529 561 633 639 iujeslo
654 580 730 621 metu
748 557 790 620 sui
809 565 903 644 agita·

219 580 311 712 bant,
332 640 456 698 maxime
481 643 708 719 conjurationis3
733 663 790 722 quo
815 663 901 701 com-

220 741 318 782 mento
337 721 429 781 liberti
446 723 553 792 etiam,
575 744 645 802 quos
667 723 791 792 vellent,
808 723 903 803 perdi-

222 821 283 862 tum
300 803 389 864 ibant.
405 803 465 879 Qui
478 802 571 884 primb
586 801 733 864 sceleribus
751 804 902 865 colluben-

222 903 283 955 tes‚
308 886 357 944 ubi
383 905 462 964 pares
489 904 610 964 patronae
635 883 710 965 fasli
729 882 813 956 sunt,
838 907 903 946 eam

222 987 335 1046 quoque
353 969 472 1048 ignom,
490 969 571 1046 quasi
586 965 699 1044 jubente
716 963 903 1038 tamen‘jdo

223 1048 325 1118 mino,
349 1067 396 1127 per
423 1045 554 1106 satellites
578 1046 748 1108 iuterfecsre.
776 1049 814 1108 Et
835 1045 904 1108 sane

222 1129 254 1187 in
278 1128 307 1187 id
330 1125 468 1210 progressa
489 1129 590 1188 mulier
617 1148 699 1198 erat,
724 1130 792 1200 uti,
814 1131 905 1189 animi

223 1231 257 1268 ac
268 1210 398 1289 pellicum
410 1208 500 1292 grati&
514 1208 626 1276 Ostiam
640 1210 788 1292 prosele,
802 1209 905 1272 Romae

223 1293 334 1370 nuptias
353 1312 417 1350 cum
440 1291 527 1350 altero
549 1291 589 1352 ste
612 1311 737 1352 uentaret
759 1316 765 1350 :
787 1301 814 1352 &
837 1289 905 1352 hinc

223 1374 337 1442 notior,
358 1371 426 1430 dum
444 1374 546 1430 mirum
564 1314 674 1434 videtur
687 1372 762 1454 apud
777 1372 906 1452 Impera-

224 1471 314 1512 torem
341 1455 460 1523 virum,
485 1451 762 1534 qu‘amlmperatoti
786 1473 906 1534 nuptam

224 1531 286 1593 elle.
307 1533 351 1592 lta
371 1534 464 1592 liberti
483 1533 646 1614 potestatem
666 1538 743 1595 nadli
762 1533 906 1596 summam

224 1614 322 1695 stupris
340 1659 349 1685 ,
370 1616 487 1686 exsilio,
511 1616 608 1686 caede,
646 1615 875 1698 rosctiptionibus
893 1663 908 1689 Ἴ,

224 1697 324 1756 omnia
337 1695 503 1770 foedabant,
522 1697 612 1780 ebque
627 1638 742 1758 lierilem
759 1697 908 1760 stultitiam

225 1779 389 1866 perpuldre,
408 1781 449 1837 uti
468 1777 550 1838 senex
570 1777 662 1839 fratris
681 1779 768 1838 filiam
783 1781 813 1838 in
834 1802 906 1860 nup-

226 1863 278 1918 tias
297 1857 510 1938 concupisceret.
531 1861 601 1936 Quae
620 1863 749 1941 quamvis
766 1859 908 1940 superiore

225 1938 373 2000 absurdior
391 1937 556 2012 haberetur,
577 1938 737 2024 idcircoque
758 1943 836 2022 paria
858 1965 909 2002 ex·

226 2019 412 2092 timesceret,
442 2042 552 2082 veneno
580 2027 729 2106 conjugem
757 2023 908 2084 interemit.

226 2101 319 2182 Hujus
341 2125 415 2162 anno
434 2100 530 2174 sexto,
550 2096 614 2164 crim
636 2105 847 2185 quatuordecim
864 2127 910 2164 re-

249 2183 342 2254 nfirit,
365 2185 612 2268 ostingentesimus
629 2187 717 2247 Urbis
739 2185 808 2246 mite
829 2187 906 2246 cele-

227 2207 340 2336 bratus,
359 2263 487 2346 visusque
501 2267 575 2346 apud
587 2266 749 2350 AEg'yptum
767 2263 911 2350 Pboenix,

228 2369 316 2428 quam
338 2348 482 2408 volucrem
499 2347 592 2408 ferunt
613 2371 688 2410 anno
708 2349 911 2431 quinquagesi-

229 2427 279 2489 ¹mo
307 2449 340 2486 ex
365 2429 492 2490 Arabum
515 2429 640 2492 odoratis
662 2429 732 2490 lucis
755 2430 910 2500 advolare,

227 2528 312 2591 atque
326 2509 468 2592 inAEgaeo
487 2513 560 2572 mari
578 2510 690 2589 repente
704 2507 793 2572 insula
809 2513 911 2592 ingens
979 2554 988 2560 -

168 2631 171 2636 ,
228 2591 362 2660 emersit,
382 2594 464 2650 noste
481 2589 537 2671 qud
555 2583 678 2654 defertis
696 2587 782 2653 Lu‘nae
802 2591 912 2654 accide-

229 2691 281 2732 rat.
296 2671 416 2730 Tetrum
432 2670 514 2732 funus
526 2717 538 2741 ,
553 2676 593 2734 uti
611 2671 756 2754 quondam
770 2677 800 2733 in
813 2671 912 2732 Prisco
969 2695 982 2706 '

230 2753 421 2834 Tarquinio,
446 2753 494 2812 diu
517 2754 687 2814 occultatum
716 2777 724 2824 3
754 2753 822 2814 dum
851 2773 912 2816 arte

233 2837 356 2896 mulieris
377 2837 501 2918 corrupti
521 2833 797 2924 custodes„aegrum
817 2838 910 2898 simu=
