2110 3666
257 333 324 420 298
375 327 502 402 Aur.
531 333 808 404 Vrcroars

255 451 313 512 Hic
339 453 369 512 in
394 453 475 514 Urbe
506 451 745 533 amphitheatrum
772 463 800 515 δι
828 454 938 517 lauaem

185 544 188 553 '
256 531 417 594 construxit.
438 533 561 594 Pontum
585 536 682 675 irpfipus
701 537 851 615 prouincia
875 537 936 596 Po-

257 616 379 676 lemonis
406 616 496 697 reguli
526 637 602 696 perm
638 638 656 675 ιι
683 616 811 700 redegit,
838 615 855 678 i
879 639 940 699 quo

256 697 473 758 Polemoniacus
493 695 600 758 Pontus
616 698 769 778 appellatus
783 696 839 769 est,
855 701 940 759 itern-

254 798 313 858 que
337 776 451 838 cottias
472 778 579 858 AlpeS,
603 777 706 838 Cottio
728 799 793 860 rege
814 799 939 840 mortuo.

257 859 305 921 Eo
319 880 441 940 namque
452 859 586 920 dedecore
598 859 737 940 reliquum
747 862 811 920 vitae
822 863 897 944 egit,
909 881 942 921 ut

278 939 362 1002 udeat
377 961 535 1000 memorare
549 938 743 1020 hujuscemodi
776 961 941 1022 uemquam.

257 961 306 1084 llo
330 1018 471 1104 progtllus
491 1019 555 1093 est,
588 1042 618 1082 ut
637 1043 729 1104 neque
754 963 829 1108 llum
849 1045 942 1104 neque

259 1104 382 1164 eliorum
405 1102 545 1184 pudicitiae
565 1123 702 1182 parcens,
726 1103 763 1163 ad
783 1123 943 1166 extremum

259 1187 381 1246 amilius
401 1184 567 1244 nubentium
587 1186 731 1266 virginum
750 1183 859 1264 specie,
884 1207 940 1265 pa-

260 1265 319 1326 lim
339 1284 497 1326 convocato
514 1266 619 1325 Senatu
634 1265 701 1325 dote
721 1264 817 1336 disti,
834 1269 943 1328 cundiis

262 1345 331 1408 festa
357 1346 391 1406 de
415 1367 495 1406 more
521 1344 787 1427 frequentantibus,
815 1348 943 1409 nuberet.

260 1428 338 1492 Pelle
359 1429 448 1487 tebius
470 1426 557 1499 fera,
577 1429 686 1510 utrique
710 1425 787 1488 sexui
807 1429 945 1510 genitalia

260 1511 342 1572 vultu
362 1509 563 1572 comedabat,
588 1510 712 1568 Matrem
734 1511 819 1568 etiam
847 1507 945 1590 stupro

260 1592 487 1662 contaminavit,
508 1611 597 1671 quam
626 1587 805 1670 postmodum
832 1592 943 1650 intere-

262 1675 325 1736 mit.
350 1672 503 1732 Octaviam
530 1681 558 1731 &
587 1671 724 1731 Sabinam
749 1693 946 1755 cognomento

261 1755 414 1834 Poppaeam
430 1756 461 1812 in
475 1754 688 1812 matrimonium
703 1753 799 1823 duxit,
817 1754 882 1813 viris
899 1775 946 1814 ea·

262 1857 326 1896 rum
339 1833 491 1894 trucidatia
506 1833 590 1892 Tunc
606 1834 703 1894 Galba
717 1832 863 1914 Hispaniae
876 1835 947 1894 Pro-

263 1914 361 1978 consul
390 1923 418 1975 δι
448 1914 538 1974 Caius
563 1915 652 1975 lulius
675 1918 824 1994 imperium
851 1913 944 1975 corii-

262 1998 358 2078 pudre.
379 1995 441 2056 Ubi
456 1995 608 2054 adventare
627 1995 705 2056 Nero
724 1996 851 2056 Galbam
868 1996 947 2056 didi-

262 2080 323 2150 cit,
342 2074 514 2158 Stratisque
533 2073 671 2136 sententid
689 2075 892 2148 constiturum,
913 2098 946 2138 ut

261 2182 345 2222 more
368 2163 509 2238 majorum
532 2159 606 2218 rollo
629 2161 658 2218 in
681 2157 790 2219 furcam
813 2162 946 2238 conjedo

263 2243 351 2324 virgis
369 2240 405 2300 ad
420 2261 520 2300 necem
538 2239 704 2310 taedereurt,
723 2239 846 2301 desertus
864 2240 947 2300 undi-

264 2343 341 2404 que,
358 2325 449 2382 robiis
468 2321 584 2394 medio,
603 2341 617 2380 e
640 2319 723 2382 relius
743 2322 873 2392 Urbem,
895 2319 944 2380 se-

264 2403 415 2485 quentibus
440 2400 582 2472 Pbaone,
610 2341 825 2484 {paphroditm
857 2391 945 2462 Neoss

265 2483 410 2566 plrytoque
430 2492 458 2544 &
479 2482 601 2564 spadone
621 2485 730 2564 Sporo,
750 2503 837 2566 quem
853 2505 946 2565 quon·

263 2565 333 2627 darn
354 2563 493 2625 exsertum
517 2564 639 2626 formate
660 2568 690 2626 in
709 2567 857 2626 mulierem
876 2579 944 2625 ten'-

265 2665 390 2716 tarnat,
407 2643 495 2706 semet
512 2649 570 2706 ieiu
586 2647 675 2730 gladii
691 2646 846 2730 transegit,
868 2647 947 2726 adju-

265 2747 349 2790 vante
379 2727 564 2808 trepidantem
593 2749 710 2788 manum
740 2731 881 2808 impuro,
910 2727 947 2787 de

191 2855 194 2860 ·
265 2831 324 2892 quo
354 2808 495 2881 diximus,
521 2808 670 2882 eunucho,
692 2807 756 2872 culm
781 2809 848 2870 sane
871 2810 947 2890 prius

262 2892 344 2958 mullo
361 2911 491 2975 reperuo,
510 2889 527 2951 ‘a
549 2913 608 2974 quo
628 2891 777 2965 feriretur,
798 2891 945 2953 exclama-
