2142 3664
238 321 294 372 Da
314 304 432 374 Vnus
452 321 738 377 acerrumus,
767 331 832 400 205

158 427 208 508 qui
226 420 386 505 promissam
408 426 550 484 civitatem
573 427 763 508 flagitabant,
785 451 834 488 re-

105 509 107 514 '
160 507 241 588 pente
260 509 289 564 in
303 505 416 584 publico
434 506 578 575 concidit,
594 509 651 566 sive
665 509 765 568 morbo
781 533 834 568 co-

161 587 286 654 mitiali,
309 582 357 644 seu
380 582 477 644 hausto
501 589 615 666 caprino
635 585 769 672 sanguine
792 579 840 649 se-¹

161 669 305 726 mianimis
317 665 435 724 domum
448 665 555 726 relatus.
567 668 647 728 Vota
661 691 710 748 pro
723 671 773 730 illo
788 692 836 749 per

160 747 272 807 ltaliam
290 746 400 826 publice
418 744 542 826 suscepta
560 745 631 809 sunt.
646 749 684 808 Er
702 749 764 810 edm
779 751 836 810 La-

160 829 214 887 tini
234 825 391 888 Consulem
409 828 439 886 in
457 827 572 886 Albano
590 847 685 888 monte
703 829 836 891 interfec-

160 909 216 968 turi
232 903 337 977 elsent,
355 904 515 988 Philippum
535 908 682 969 admonuit
700 929 730 969 ut
749 933 835 971 cave-

162 1008 227 1058 ret,
248 988 321 1047 unde
339 991 369 1047 in
388 988 492 1048 Senatu
515 988 678 1061 accusatus,
702 991 764 1052 etim
787 992 837 1051 do-

162 1089 241 1128 mum
264 1067 292 1127 se
313 1073 468 1149 reciperet,
488 1067 610 1129 immillo
632 1073 702 1130 inter
723 1074 837 1132 turbam

182 1145 316 1208 ercullore
339 1195 350 1220 ,
374 1151 488 1211 co'rruit.
514 1150 623 1211 Invidia
655 1151 735 1212 caedis
764 1153 838 1234 apud

161 1171 345 1310 lhilippum,
362 1239 389 1290 &
408 1230 572 1310 Caepionem
590 1230 652 1290 suit.

203 1311 342 1370 LXVII.
365 1311 454 1370 Caius
466 1312 575 1370 Marius
590 1309 689 1392 septies
702 1309 813 1373 Consul
826 1360 836 1385 ,

161 1391 308 1472 Arpinas,
326 1389 427 1450 humili
446 1392 511 1450 loco
533 1411 634 1462 natur,
658 1395 754 1472 primis
778 1391 835 1452 ho-

161 1473 278 1532 notibus
294 1491 341 1551 per
356 1471 484 1531 ordinem
498 1471 609 1532 functus
624 1518 634 1542 ,
652 1473 758 1556 legatus
771 1474 838 1534 Me-

161 1553 230 1612 tello
251 1554 280 1613 in
300 1549 459 1622 Numidia,
478 1553 655 1628 criminando
673 1575 737 1612 eum
757 1553 837 1614 Con-

163 1631 283 1692 sulatum
300 1632 434 1713 adeptus,
454 1631 622 1714 iugurtham
642 1653 753 1713 captum
772 1655 838 1694 anre

163 1734 274 1773 currum
290 1716 356 1795 egit.
376 1714 411 1773 In
428 1715 586 1790 proximum
608 1735 712 1772 annum
726 1713 837 1775 Consul

162 1791 236 1853 ultrd
262 1795 383 1864 fastus,
417 1793 554 1854 Cimbros
579 1795 609 1852 in
637 1793 731 1854 Gallia
766 1797 840 1877 apud

162 1876 260 1958 Aquas
286 1875 412 1947 Sextias,
443 1873 587 1933 Teutonas
616 1877 645 1933 ln
671 1874 782 1948 stalli,
807 1879 838 1938 in

163 1978 265 2036 campo
288 1955 400 2014 Raudio
423 1957 517 2026 vicit,
544 1955 633 2036 deque
660 1953 702 2014 his
733 1958 840 2016 trium-'

161 2035 268 2117 phavit.
285 2034 384 2118 Usque
401 2033 508 2095 sextum
524 2033 712 2095 Consulatum
729 2057 777 2116 per
794 2060 842 2110 or-¹

162 2118 257 2177 dinem
271 2116 359 2177 fastus
371 2163 379 2187 ‚
393 2118 544 2196 Apuleium
558 2115 739 2174 Saturninum
753 2116 838 2178 Trib.

160 2199 273 2280 plebis,
294 2197 487 2258 &Glauciam
504 2195 655 2254 Praetorem
672 2194 839 2269 seditiosos,

160 2299 196 2338 ex
212 2277 467 2338 Senarueconsulto
480 2278 628 2335 interemit.
643 2275 681 2334 Et
695 2276 758 2336 crim
772 2278 839 2338 Sul-

160 2357 235 2440 piria
251 2379 283 2418 ro
304 2362 396 2418 atione
411 2359 584 2439 provinciam
599 2355 681 2415 Sullae
699 2361 837 2437 eriperet,

161 2443 248 2500 armis
267 2379 303 2499 as
320 2459 354 2498 eo
373 2443 461 2501 victus
474 2485 486 2508 ,
511 2438 665 2497 Minturnis
688 2439 717 2496 in
739 2440 839 2518 palude

162 2521 251 2583 latuit.
266 2519 419 2592 Inventus,
433 2530 460 2580 &
480 2522 509 2578 in
524 2537 663 2578 carcerem
677 2523 837 2618 conjectus,

162 2599 315 2662 immissum
332 2598 513 2679 percussorem
531 2599 648 2660 Gallum
665 2601 756 2660 vultus
772 2622 839 2660 auc-

162 2686 275 2744 toritate
295 2681 428 2743 deterruit
444 2703 454 2750 3
473 2679 639 2762 acceptasque
659 2679 787 2740 navicula
808 2683 838 2739 in

161 2763 289 2823 Africam
314 2763 421 2842 trajecit
443 2762 510 2820 :ibi
531 2761 578 2820 diu
604 2757 745 2822 exsulavit.
765 2761 838 2820 Mox

162 2843 295 2906 Cinnand
321 2841 516 2904 dominatione
547 2857 691 2903 revocatus
716 2887 724 2912 ,
752 2843 838 2922 ruptis
