2134 3668
210 333 266 382 or
286 315 404 384 Vrnrs
423 333 709 384 rtrusrsrsus
740 323 802 404 163

125 431 328 506 descenderat,
353 437 379 494 ei
395 433 432 494 T.
455 433 555 496 Tatius
573 437 719 514 optionem
738 451 822 493 mur

123 517 198 574 neris
214 515 308 585 dedit,
324 518 346 575 si
365 518 517 578 exercitum
532 514 612 576 suurn
632 517 661 574 in
680 514 806 593 Capito-

124 596 194 656 lium
211 592 385 678 perduxislet.
400 597 451 658 llls
470 599 549 677 petiit
567 595 644 678 quod
661 597 703 656 illi
722 599 752 655 in
774 595 809 656 siss

125 675 214 738 nistris
233 679 363 738 manibus
384 678 539 756 gerebant,
562 677 692 737 videlicet
712 698 805 737 anuu-

59 791 61 796 v
124 758 167 819 los
185 768 212 820 &
227 759 358 818 armillas.
372 760 484 835 Quibus
503 758 600 818 dolose
615 759 808 838 repromissis,

124 839 247 902 Sabinos
279 842 309 898 in
336 860 430 898 arcem
459 839 608 917 perduxit,
639 840 688 899 ubi
707 837 834 898 Tatius'

125 917 211 980 scutis
232 940 295 978 earn
319 919 402 978 obrui
422 923 572 1002 praecepit,
590 941 658 980 nam
679 928 706 978 &
726 939 759 977 ea
779 922 809 980 in

124 1001 201 1060 laevis
212 997 375 1058 habuerant.
388 999 525 1059 Romulus
537 998 665 1060 adversds
674 999 808 1071 Tatium,

127 1083 178 1162 qui
200 1099 328 1140 montem
349 1079 504 1160 Tarpeium
528 1081 664 1150 tenebat,
689 1077 808 1159 proces-

128 1165 185 1231 sit,
207 1170 233 1221 &
261 1164 290 1221 in
312 1182 345 1220 eo
373 1161 460 1231 loco,
479 1162 528 1220 ubi
550 1183 623 1222 nunc
645 1160 810 1224 Romanum

116 1241 224 1302 'forum
238 1241 301 1311 est,
324 1263 449 1324 pugnarn
466 1239 605 1303 conseruit
623 1265 630 1299 ε
649 1242 690 1301 ibi
703 1239 808 1300 Hostus

113 1321 266 1384 *Hostilius
278 1323 429 1382 fortissime
447 1323 583 1384 dimicans
597 1322 720 1392 cecidit,
734 1327 810 1400 cujus

128 1405 243 1464 interitu
266 1403 431 1464 consternati
450 1405 575 1466 Romani
595 1404 692 1486 fugere
712 1423 808 1482 coepe-

129 1505 204 1545 runt.
229 1485 311 1544 Tunc
338 1485 476 1544 Romulus
504 1487 569 1546 Jovi
593 1485 699 1546 Statori
722 1484 810 1544 eedem

129 1569 229 1638 vovit,
249 1575 276 1626 &
294 1568 429 1625 exercitus
453 1564 500 1625 seu
519 1565 612 1635 forte,
636 1563 685 1624 seu
702 1563 809 1624 divini-

129 1643 173 1706 ttls
198 1645 302 1706 restitit.
320 1647 403 1704 Tunc
427 1665 511 1726 raptae
536 1648 566 1704 in
589 1645 716 1704 medium
740 1665 809 1722 pro-

130 1721 295 1796 cesserunt,
320 1735 347 1786 &
368 1724 433 1784 hinc
456 1746 567 1806 putres,
589 1723 654 1784 inde
677 1728 812 1804 conjuges

130 1807 311 1885 deprecutae,
334 1825 431 1886 pacem
457 1804 648 1866 concililtunt.
674 1803 812 1866 Romulus

131 1887 223 1950 soedus
236 1891 387 1969 percussit,
400 1898 427 1948 δι
440 1889 559 1950 Sabinos
571 1889 600 1946 in
611 1887 723 1947 Urbem
735 1907 813 1946 rece-

130 1971 172 2052 pit
192 1993 201 2040 3
225 1969 359 2050 populum
380 1967 397 2028 *a
418 1968 540 2030 Curibus
557 1967 662 2048 oppido
684 1967 809 2028 Sabino-

117 2057 211 2122 rum,
223 2051 347 2128 Quirites
365 2054 486 2110 vocavit.
501 2049 626 2110 Centum
642 2050 810 2122 Senatores,

131 2128 270 2210 irpietnte
292 2132 386 2190 Patres
411 2131 569 2210 appellavit.
590 2129 661 2188 Tres
684 2133 812 2209 equiturn

132 2215 268 2272 centurius
279 2210 395 2270 instituit
407 2257 416 2280 ,
428 2233 495 2291 quas
508 2208 524 2268 t
538 2208 587 2268 suo
599 2213 714 2268 nomine
726 2209 813 2268 Ram-

131 2291 254 2363 nenses,
274 2289 290 2350 ‘a
309 2292 379 2350 Tito
406 2291 493 2352 Tatio
515 2288 662 2350 Tutienses
683 2335 692 2360 ,
714 2287 810 2349 lLu-

132 2394 254 2432 cumone
274 2373 393 2432 luceres
409 2373 566 2453 appellavit.
581 2371 697 2430 Plebem
715 2373 745 2430 in
761 2374 813 2433 tti-

133 2457 213 2537 ginta
242 2456 330 2514 curies
354 2451 515 2523 distribuit,
543 2451 642 2534 easque
670 2449 813 2531 raptarum

131 2535 296 2596 nominibus
313 2536 470 2614 appellavit.
491 2532 567 2595 Ctim
586 2534 621 2593 ad
638 2532 738 2612 Captae
757 2555 811 2614 pu-

132 2615 229 2676 ludem
246 2619 394 2675 exercitum
410 2614 557 2685 lustraret,
576 2613 714 2696 nusquam
732 2637 813 2674 com-

132 2698 226 2778 pnruit
242 2719 248 2752 :
266 2695 338 2774 unde
358 2699 428 2755 inter
448 2697 543 2757 Patres
562 2696 744 2773 &Populum
765 2693 811 2754 se-

133 2777 240 2837 ditione
262 2774 345 2848 ortzl,
368 2777 455 2836 Julius
475 2777 606 2836 Proculus
624 2779 668 2835 vir
686 2777 811 2844 nobilis,

133 2861 163 2918 in
192 2861 358 2918 concionem
385 2859 517 2938 processit
541 2903 550 2929 ,
578 2867 604 2917 &
632 2855 814 2936 jurejurando
