2060 3662
284 309 465 378 erar
514 256 612 376 Ill.
740 325 778 394 33

102 444 241 500 uenerat,
264 429 350 490 etiarn
371 447 468 488 contra
487 428 603 510 Ligures
625 429 697 488 intra
719 421 781 487 lta·
819 461 832 472 x

104 511 175 571 liam
196 509 302 569 bellum
342 509 429 568 esbum
448 502 508 579 est,
526 518 553 568 δι
571 507 605 567 de
625 505 668 568 his
684 510 785 568 trium·

101 589 234 672 pharum.
246 531 495 674 Cartsaginienses
506 587 567 649 turn
581 589 684 649 bellurn
699 611 784 670 repa·-

105 694 165 732 rare
183 673 355 742 tentabant,
375 669 565 731 Sardinienses
580 717 591 740 ,
605 673 702 752 quiex
716 693 786 733 con·

104 753 216 814 ditione
239 755 313 832 pacis
336 753 474 812 Romanis
497 773 589 832 parere
617 751 784 824 debebant,

105 834 145 896 ad
163 833 356 894 rebellandum
375 833 558 913 impellentes.
579 833 669 894 Venit
689 852 786 895 tamen

106 917 216 998 legatio
233 913 513 996 Carthaginiensium
527 915 676 988 Romam,
695 924 722 976 δι
738 936 787 996 pa·

108 1017 174 1056 cern
191 1013 359 1074 impetrarat.

152 1077 214 1136 Ill.
234 1075 304 1136 Tiro
321 1075 435 1135 Manlio
448 1073 621 1156 Torquato,
640 1075 717 1138 Caio
737 1075 788 1136 At-

108 1159 174 1218 tilio
192 1157 283 1218 Bulbo
302 1155 497 1228 Consulibus,
519 1157 553 1216 de
571 1155 664 1226 Sardis
683 1159 787 1217 trium-

109 1237 229 1382 Rhatum
241 1236 300 1309 est3
317 1248 366 1309 &,
382 1257 449 1318 pace
462 1237 595 1298 omnibus
609 1235 679 1298 locis
695 1233 788 1310 faeti,

140 1321 237 1379 omani
256 1320 364 1380 nullum
383 1319 489 1378 bellum
510 1317 667 1378 habuerunt
687 1319 790 1400 :quod
906 1331 908 1336 '

112 1398 158 1460 his
174 1399 235 1481 post
249 1401 374 1460 Romam
394 1400 537 1460 conditam
557 1397 642 1474 semel
660 1401 790 1473 tannim,

109 1479 211 1544 Numi
228 1482 371 1560 Pompilio
388 1499 544 1564 regnante,
564 1483 728 1565 contigerat.

154 1564 214 1623 IV.
237 1563 338 1622 Lucius
354 1560 512 1622 Postumius
526 1561 667 1633 Albinus,
687 1562 792 1624 Cnaeus

111 1643 228 1704 Fulvius
239 1643 425 1704 Centumalus
437 1639 575 1704 Consules
593 1643 699 1702 bellurn
717 1665 790 1703 con-

111 1744 158 1784 tra
177 1725 287 1804 Illyrios
305 1719 461 1808 gesserunt3
485 1729 535 1793 &,
557 1725 651 1782 multis
671 1726 794 1785 civitati-

113 1805 168 1865 bus
199 1825 312 1884 caprrs,
339 1825 425 1864 enam
452 1825 530 1888 reges
560 1807 589 1866 in
619 1803 792 1865 deditionem

112 1881 280 1965 a'cceperunt
306 1909 312 1944 ε
338 1909 371 1946 ac
393 1885 453 1946 nim
481 1884 603 1966 primum
630 1885 664 1946 de
691 1887 794 1968 illyriis
876 1919 879 1924 ·

114 1965 321 2048 triumphatum
341 1965 388 2027 est.

158 2049 197 2109 V.
224 2049 313 2108 Lucio
347 2047 472 2109 AEmilio
511 2046 638 2110 Consule
668 2051 796 2131 ingentes

116 2129 270 2194 Gallorum
306 2132 392 2210 copiae
421 2129 506 2208 Alpes
534 2131 708 2188 transierunt.
732 2127 797 2188 -Sed

111 2233 170 2294 pro
189 2211 328 2270 Romanis
343 2231 403 2269 tora
419 2211 502 2268 Italia
522 2207 683 2279 consensit3
705 2209 796 2268 tradi-

117 2310 238 2373 tumque
258 2289 297 2350 est
313 2288 431 2350 ‘aFabio
444 2287 597 2360 historico,
618 2292 667 2371 qui
682 2291 708 2348 ei
722 2290 798 2365 bello

117 2371 267 2444 interfuit,
285 2373 448 2456 ostingenta
466 2372 555 2432 millia
576 2369 725 2431 hominum
743 2393 797 2452 pa-

116 2475 180 2516 tata
200 2453 236 2513 ad
254 2453 283 2514 id
298 2455 404 2514 bellum
422 2449 508 2512 fuisse.
529 2453 584 2514 Sed
601 2473 642 2513 res
660 2474 707 2533 per
719 2453 800 2514 Con-

119 2535 194 2598 sules
218 2533 328 2596 tannim
366 2533 475 2616 rosperb
498 2533 573 2617 gesta
590 2532 629 2592 est
648 2558 655 2591 z
673 2535 798 2614 quadra-

121 2619 203 2700 ginta
230 2615 319 2676 millia
347 2557 468 2674 bostium
493 2615 638 2676 intersedit
654 2613 751 2701 sunt,
773 2625 801 2675 δι

122 2695 281 2776 triumphus
296 2695 420 2756 AEmilio
437 2696 567 2756 decretus.

163 2777 226 2836 VI.
247 2777 366 2860 Aliquot
383 2775 483 2836 deinde
504 2779 584 2838 annis
602 2773 683 2856 pbst,
705 2795 802 2837 contra

119 2859 227 2926 Gallos
245 2860 319 2920 intra
337 2859 451 2947 Italiam
463 2855 706 2996 pugnatumBest,
733 2856 801 2919 fini-

665 2959 684 3000 v
