2134 3668
248 278 311 336 162
386 264 512 336 Aua.
543 267 764 362 Vrcroa

243 407 332 472 gnum
346 385 517 446 restituerunt
535 410 542 443 ι
561 389 614 467 ipsi
629 384 784 466 pastoribus
795 385 929 447 adunatis

245 472 388 530 civitatem
405 468 609 538 condiderunt,
624 487 711 550 quam
727 468 866 527 Romulus
880 489 930 526 au-

246 553 327 632 gurio
345 552 436 610 vistor
454 596 465 619 ,
486 546 563 632 quod
583 546 641 629 ipse
662 569 732 608 x11.
752 549 857 608 Remus
876 569 927 608 vr.

245 631 368 691 vultures
389 630 523 701 viderat,
544 630 668 690 Romam
685 634 799 694 vocavit
818 638 874 701 3&
897 649 930 688 ut

248 733 311 772 eam
337 709 411 792 priris
434 712 543 794 legibus
566 713 686 770 muniret
707 711 792 792 quam
820 713 928 770 moeni-
993 715 996 718 ’

247 793 316 862 bus,
332 793 418 852 edixit
431 813 465 850 ne
477 796 538 872 quis
548 793 654 851 vallum
671 793 837 860 transiliret,
850 790 930 872 quod

249 874 354 934 Remus
382 873 522 943 irridens,
547 873 709 943 transiluit,
733 881 760 932 &
786 870 802 931 *a
827 871 931 932 Celere

179 973 184 986 ⁸
252 957 413 1014 centurione
435 974 512 1012 rutro
529 951 614 1012 fertur
629 951 744 1011 occisus.
782 995 786 1000 -

291 1034 332 1096 ll.
354 1035 492 1094 Romulus
509 1033 617 1114 asylum
633 1036 764 1092 convenis
779 1033 931 1112 patefecit,

253 1125 280 1176 δι
310 1136 416 1196 magno
447 1117 567 1174 exercitu
597 1114 704 1182 fastu,
735 1115 797 1174 etim
825 1115 934 1173 videret

255 1200 386 1278 conjugia
414 1193 529 1266 deesse,
559 1217 608 1274 per
634 1194 741 1277 legatos
766 1192 782 1254 ‘a
804 1193 932 1254 finitimis

207 1315 209 1318 -
256 1277 413 1337 civitatibus
433 1279 521 1356 petiit.
548 1275 659 1352 Quibus
687 1278 824 1358 negatis,
854 1274 935 1335 ludos

256 1355 410 1418 Consualia
429 1357 590 1427 simulavit,
610 1356 646 1416 ad
661 1377 733 1437 quos
749 1354 812 1414 crim
833 1353 937 1416 utrius·
1010 1389 1012 1393 ·

256 1459 311 1519 que
335 1436 413 1496 sextis
441 1436 592 1497 multitudo
618 1433 731 1498 venisset
754 1482 764 1507 ,
791 1435 858 1495 dato
882 1436 938 1497 suis

260 1523 342 1602 signo
360 1520 483 1601 virgines
500 1537 584 1598 raptat
599 1517 663 1578 sunt
680 1541 686 1574 :
705 1518 853 1596 exquibus
873 1518 938 1578 etim

258 1621 314 1660 una
327 1597 513 1679 pulcherrima
534 1620 598 1658 cum
614 1597 720 1679 magni
739 1600 869 1656 omnium
890 1597 940 1658 ad-

249 1685 408 1742 miratione
436 1679 607 1748 duceretur,
637 1679 766 1738 Talassio
788 1698 850 1736 eam
874 1677 940 1738 duri

260 1760 433 1841 responsum.
451 1763 522 1836 Quae
539 1762 640 1838 nuptiae
662 1763 728 1841 quia
748 1755 865 1819 feliciter
884 1757 941 1817 res-

262 1841 374 1910 serunt,
390 1840 543 1900 institutum
560 1839 620 1909 est,
635 1859 666 1900 ut
682 1841 812 1900 omnibus
826 1843 855 1899 in
869 1861 943 1920 nup-

262 1925 307 1983 tiis
321 1921 442 1981 Talassii
455 1943 560 1980 nomen
571 1924 754 1981 invocaretur.
766 1919 842 1980 Crim
853 1920 942 1980 femi-

263 2025 313 2064 nas
327 2001 514 2062 finitimorum
525 2003 650 2062 Romani
662 2005 692 2062 vi
707 1998 875 2080 rapuissent,
889 2003 945 2083 pri-

265 2088 306 2145 mi
328 2082 507 2146 Caeninenses
525 2103 623 2143 contra
640 2105 688 2142 eos
702 2083 807 2142 bellum
823 2081 945 2162 sumpse·
1023 2088 1030 2094 ”

267 2185 341 2226 runt.
373 2164 513 2227 Adversus
537 2187 608 2246 quos
629 2164 768 2222 Romulus
789 2167 946 2243 processit,

268 2257 295 2306 δι
311 2251 462 2308 exercitum
482 2267 604 2314 eorum,
624 2267 656 2305 ae
679 2244 781 2304 ducem
803 2246 947 2303 Acronem

268 2328 403 2409 singulari
428 2329 524 2407 praelio
537 2329 623 2387 uicit.
646 2326 742 2406 Spolia
763 2328 860 2404 opima
883 2325 949 2384 Jovi

270 2410 394 2468 Feretrio
412 2411 442 2466 in
460 2407 607 2487 Capitolio
620 2405 800 2466 consecravit.
816 2405 950 2482 [Antem-

270 2508 348 2548 nates
360 2535 369 2559 ,
385 2486 561 2548 Crustumini
570 2531 579 2558 ,
589 2487 734 2548 Fidenates
745 2533 755 2558 ‚
765 2487 901 2544 Veientes
913 2487 947 2562 ,]
982 2559 986 2566 ι

272 2571 371 2630 Sabini
397 2572 482 2628 etiam
512 2569 550 2628 ob
574 2588 666 2649 raptas
691 2569 797 2628 bellum
824 2563 952 2628 adversis

273 2651 421 2710 Romanos
443 2647 626 2730 sumpserunt.
645 2649 683 2710 Et
703 2650 767 2709 edm
784 2649 885 2707 Romae
899 2669 951 2726 ap-

275 2734 511 2812 propinquarent,
528 2731 681 2812 Tarpejam
702 2733 842 2812 virginem
859 2730 953 2798 nadli,

277 2834 337 2894 quac
366 2831 473 2894 aquae,
501 2810 583 2872 causd
604 2810 745 2871 sacrorum
766 2857 774 2881 ,
797 2807 954 2868 hauriendae
