2110 3666
226 283 297 365 284
367 278 490 346 Aua.
521 279 732 347 Vrcrort

224 397 389 477 castellaque
403 398 525 476 pluribus
544 399 614 455 locis
630 394 781 454 comnrodd
799 397 899 474 posita.

223 477 352 537 Remotae
370 477 428 536 olei
445 476 632 557 frumentique
648 477 806 536 adventitia
825 497 899 556 pra-

223 559 370 628 bitiones,
389 559 490 638 quibus
508 557 634 636 Tripolis
652 579 684 617 ac
703 557 802 616 Nicaea
819 578 899 616 acer-

224 638 286 698 biris
306 639 488 720 angebantur.
514 639 595 714 Quas
613 659 655 696 res
675 637 826 719 superiores
846 636 902 697 Se·

224 721 285 778 veri
307 721 450 800 Imperio,
471 739 612 801 gratantes
637 721 691 778 civi
718 720 902 788 obtulerant,

224 820 399 881 verteratque
419 802 539 883 gratiam
557 803 678 859 muneris
697 801 727 858 in
753 802 903 880 perniciem

246 880 400 944 osterorutn
429 881 624 941 dissimulatio.
651 881 762 939 Alteros
790 881 905 939 Marcus

226 903 362 1040 sojonius
386 961 519 1022 afflixerat
541 959 652 1030 multa,
677 958 755 1040 quod
777 960 904 1040 Hippar-

228 1042 313 1102 chum
339 1041 477 1123 praeslanti
500 1045 617 1124 ingenio
638 1041 696 1100 indi
719 1063 802 1100 enam
827 1038 907 1100 fuisse

229 1121 437 1207 ignoravissent.
474 1122 594 1182 fiscales
626 1063 758 1182 moleiliae
789 1120 908 1182 severitis

230 1202 346 1286 pressa,
369 1207 522 1301 cunctaque
538 1204 636 1262 divino
653 1205 718 1262 ritui
733 1205 810 1284 paria
827 1203 910 1263 vide-

230 1307 344 1356 rentur,
371 1287 401 1344 ni
421 1305 519 1363 parum
538 1285 632 1368 dignis
655 1283 692 1343 ad
713 1285 823 1364 publica
846 1285 910 1344 adi-

230 1385 291 1426 tum
314 1362 495 1426 concessisset.
523 1365 594 1443 Quae
616 1386 789 1446 quamquam
812 1363 911 1445 saepitls

231 1446 355 1508 acciddre
366 1493 378 1517 ,
399 1467 494 1506 tamen
512 1448 542 1506 in
560 1445 672 1508 summo
691 1448 806 1530 ingenio
825 1465 912 1528 atque

232 1531 348 1610 optimis
362 1528 549 1609 'Reipublicae
580 1527 705 1587 moribus
733 1574 745 1597 ,
780 1531 912 1608 quamvis

233 1631 318 1692 parva
344 1612 437 1680 vitia,
462 1609 571 1668 elucent
598 1609 714 1691 tnagis,
739 1606 828 1688 eoque
851 1631 911 1667 no-

233 1710 327 1750 tantur
344 1690 447 1760 facile3
469 1691 642 1770 quinetiam
662 1687 749 1749 acrids
764 1687 833 1770 saepe
852 1690 914 1749 offi-

234 1773 334 1841 ciunt,
352 1771 421 1830 ,calm
441 1770 480 1828 ob
506 1772 626 1838 auctoris
647 1770 729 1829 decus
749 1773 779 1829 in
797 1773 914 1832 virtutes

234 1849 424 1930 potisssimdm
442 1853 633 1929 accipiuntur,
651 1871 734 1932 atque
750 1850 785 1910 ad
801 1853 916 1912 imitan-

236 1929 303 1990 dum
332 1933 517 1990 invitamento
547 1929 618 1990 sunt.
649 1932 738 2014 Igitur
766 1931 915 1992 confestim

236 2012 397 2074 Dalmatius
410 2034 430 2082 ‚¹
443 2013 578 2072 incertum
598 2034 655 2093 quo
671 2011 803 2083 suasore,
827 2015 917 2073 inter-

237 2091 351 2165 ficitur,
375 2092 523 2173 statimque
543 2095 662 2152 triennio
683 2092 743 2174 post
762 2095 916 2154 minimum

238 2178 473 2256 maximumque,
501 2173 580 2233 fatali
609 2175 685 2232 bello
712 2173 917 2234 Constantinus

239 2257 322 2316 cadit.
338 2254 404 2332 Qu&
416 2253 557 2316 Constans
571 2253 688 2314 vidlori5
700 2255 857 2326 tumidior,
879 2259 919 2315 si-

240 2338 300 2396 mul
315 2357 363 2416 per
380 2355 490 2394 aetatem
507 2354 601 2395 cautus
620 2335 738 2415 partlm,
758 2355 841 2416 atque
858 2339 919 2394 ani-

240 2420 281 2476 rni
300 2414 475 2485 vehemens,
497 2413 589 2476 adhuc
609 2415 801 2476 ministrorum
824 2418 919 2496 pravi-

242 2517 297 2556 tate
318 2495 516 2567 exsecrabilia,
537 2517 620 2577 atque
636 2518 755 2578 praeceps
772 2500 804 2556 in
823 2500 920 2557 avari-

241 2580 331 2648 tiam,
346 2574 559 2657 despedlutuque
572 2579 753 2649 militarium,
769 2599 845 2637 anno
859 2577 923 2658 post

241 2657 415 2737 triumphum
429 2657 561 2730 decimo,
577 2659 739 2742 Magnentii
753 2657 854 2718 scelere
868 2662 924 2718 cir·

243 2759 405 2800 cumventus
425 2737 486 2810 est,
509 2759 683 2798 externarum
703 2738 769 2799 sand
813 2743 922 2800 entium

243 2823 409 2902 compressis
427 2820 560 2882 moribus.
582 2820 710 2898 Quarum
730 2761 840 2882 obsides
860 2841 925 2906 pte·
