2134 3668
166 405 172 424 1
242 321 307 386 ιοδ
421 317 735 386 Eurnonrr

240 441 294 521 giae
319 436 448 508 indolis,
475 436 539 496 edm
558 437 706 498 oculorum
733 436 830 496 dolote
851 457 921 498 cot·

239 538 359 600 reptos,
391 517 519 580 lodicula
554 517 728 589 veheretur,
767 517 919 598 impulsore

240 603 342 681 Apro,
365 603 416 682 qui
440 598 518 660 socer
545 606 603 680 ejus
632 619 711 670 erat,
730 620 778 678 per
805 601 921 662 insidias

242 679 350 742 occisus
368 679 407 740 est
427 705 434 738 r
453 691 480 742 &
503 679 567 742 edm
587 681 657 742 dolo
676 682 886 741 occultaretnri
906 717 922 727 -

243 765 302 822 sius'
317 784 414 832 mors,
432 761 578 844 quousque
594 763 669 842 Aper
685 762 816 822 invadere
833 703 922 842 posslet

242 847 416 923 imperium,
443 843 542 904 foetore
567 843 708 906 cadaveris
735 843 845 924 prodita
871 843 920 904 est.

242 927 351 986 Milites
370 928 470 996 enim,
490 927 539 1006 qui
559 947 623 985 eum
641 923 847 1006 sequebantur,
866 924 922 984 foe-

242 1027 303 1068 tote
323 1010 481 1080 commoti,
505 1007 624 1068 diductis
642 1007 780 1068 leelicula
804 1005 922 1086 palliis,

242 1087 304 1170 post
324 1090 434 1171 aliquot
452 1089 510 1150 dies
530 1107 651 1149 mortem
672 1093 730 1168 ejus
752 1106 850 1148 notam
869 1085 923 1148 ha·

243 1171 308 1230 bere
344 1190 481 1230 otuerunt.

283 1193 366 1313 xlii.
384 1251 493 1312 Interea
514 1251 656 1322 Carinus,
672 1272 757 1332 quern
778 1248 923 1312 Caesarem

243 1335 275 1395 i'n
294 1331 412 1394 Parthos
431 1331 606 1414 proficiscens
626 1333 718 1394 Carus
739 1335 769 1392 in
785 1333 923 1412 Illyrico,

245 1412 367 1484 Galliis,
393 1411 504 1484 Italia,
532 1415 704 1496 reliquerat,
731 1415 864 1477 omnibus
892 1411 924 1473 se

243 1495 392 1556 sceleribus
418 1497 577 1577 inquinavit
600 1519 607 1552 ε
631 1497 766 1576 plurimos
790 1496 925 1556 innoxios

243 1577 317 1638 fietis
337 1576 500 1639 eriminibus
518 1577 623 1636 occidit
643 1601 649 1634 ι
670 1578 852 1638 matrimonia
869 1599 929 1636 no-

245 1659 314 1720 bilia
334 1661 455 1740 corrupit
474 1681 483 1716 r
506 1657 703 1737 condiscipulis
722 1678 854 1738 quoque,
875 1661 926 1739 qui

245 1762 310 1802 eum
331 1743 361 1802 in
384 1741 525 1802 auditorio
541 1741 588 1800 vel
608 1741 664 1800 levi
685 1738 854 1821 fatigatione
875 1759 924 1799 ra-

244 1840 397 1893 xaveranr‚
417 1819 587 1902 perniciosus
614 1820 677 1880 fuit.
700 1820 750 1880 Ob
770 1843 832 1902 quae
854 1842 924 1880 orn-

245 1903 329 1962 nibus
348 1901 511 1964 hominibus
529 1901 654 1974 invisus,
675 1923 735 1962 non
754 1899 844 1962 mulrd
864 1902 927 1982 post

245 2007 342 2066 poenas
357 1983 442 2044 dedit.
454 1984 531 2044 Nam
546 1984 580 2042 de
593 1983 703 2044 Perside
716 1985 807 2044 vietor
820 1987 927 2044 exerci-

246 2085 290 2130 tus
312 2065 443 2137 rediens,
463 2063 525 2126 edm
549 2065 658 2126 Carum
681 2063 840 2148 Augustum
863 2065 924 2126 ful-

246 2149 344 2221 mine,
364 2147 572 2210 Numerianum
586 2144 728 2208 Caesarem
741 2146 849 2206 insidiis
862 2166 927 2225 per-

247 2229 376 2302 didisset,
396 2229 608 2289 Diocletianum
625 2227 828 2307 imperatorem
849 2248 927 2288 crea-

245 2313 306 2381 vit,
319 2309 466 2372 Dalmatid
483 2310 651 2381 oriundum,
670 2311 761 2370 virum
781 2307 925 2388 obscuris-

246 2394 318 2452 sime
341 2411 439 2454 natum
466 2415 473 2448 ε
501 2389 574 2452 adeo
594 2409 625 2450 ut
641 2389 658 2450 ὲ
676 2387 814 2472 plerisque
830 2388 927 2452 scriba

247 2471 343 2546 filius,
362 2473 379 2534 a
396 2473 539 2533 nonnullis
551 2473 669 2534 Anulini
685 2472 826 2536 Senatoris
841 2473 928 2532 libet-

248 2559 322 2616 tinus
341 2552 420 2615 fuille
441 2553 574 2614 credatur.
928 2601 931 2606 .

200 2700 203 2706 ,
288 2635 368 2714 XX„
382 2635 411 2695 Is
433 2633 525 2715 prinda
545 2635 676 2698 militum:
687 2636 824 2697 concione
845 2639 926 2713 jura-

247 2719 310 2789 vit,
331 2717 537 2781 Numerianum
560 2717 639 2776 nullo
664 2713 715 2777 suo
742 2716 810 2776 dolo
833 2717 926 2776 intet-

247 2799 354 2860 festum
377 2821 386 2855 r
408 2808 436 2860 δι
465 2798 528 2858 crim
555 2804 632 2877 juxta
658 2818 723 2858 eum
752 2799 849 2878 Aper,
875 2799 927 2878 qui

246 2880 423 2942 Numeriano
449 2880 563 2940 insidias
586 2879 712 2954 fecerat,
740 2875 927 2958 constitiffet,
