2060 3662
213 289 216 294 .
292 323 477 404 Irata
527 324 592 402 IL
735 347 780 422 29

105 441 200 512 consul
222 471 333 512 eentum
356 461 384 513 &
410 472 530 533 quatuor
554 449 644 514 naves
660 445 782 514 hostium

104 532 252 603 demersit,
270 535 384 617 triginta
399 544 463 593 curn
478 534 678 617 pugnatoribus
692 537 780 614 cepit;

103 614 264 694 quindecim
296 615 385 674 millia
418 613 540 674 hostium
567 635 615 674 aut
647 615 782 687 occidit,

102 708 150 754 aut
178 697 272 775 cepit3
297 697 416 754 militem
445 695 524 774 suum
554 696 662 795 ingenti
692 695 784 776 praedit

104 774 203 834 ditavit
225 789 232 832 ὲ
255 785 282 836 δι
308 765 423 836 Iubasla
447 775 545 836 Africa
571 797 632 836 tum
659 774 782 847 fuisset,

102 858 158 916 nisi
175 853 253 937 quod
271 875 349 916 tanta
367 857 455 918 fames
473 877 551 928 erat,
573 873 604 917 ut
620 856 721 918 diutids
739 879 785 917 ex-

104 939 214 1016 pesrare
227 939 360 996 exercitus
378 959 436 997 non
450 936 544 1017 posset.
565 938 704 1000 Consules
719 954 784 998 cum

103 1018 212 1076 visirici
245 1015 325 1078 classe
356 1018 523 1090 redeuntes,
555 1021 627 1080 circa
657 1020 784 1083 Siciliain

102 1097 283 1181 naufragium
301 1102 377 1178 passi
393 1097 455 1160 sunt
472 1125 478 1156 τ
496 1110 522 1160 &
541 1119 619 1160 tanta
638 1099 785 1180 tempestas

103 1176 158 1238 fuit
168 1222 187 1248 ,-
195 1199 227 1238 ut
238 1199 271 1240 ex
283 1179 493 1264 quadringentis
507 1179 651 1264 sexaginta
663 1200 785 1262 quatuor

103 1260 222 1320 naribus
241 1307 252 1331 ,
274 1264 420 1344 octoginta
441 1259 543 1322 serrari
562 1265 610 1322 vix
634 1265 785 1342 potuerint.

105 1339 205 1422 Neque
226 1341 283 1402 ullo
305 1361 361 1402 tem
382 1364 430 1404 ore
447 1359 525 1404 tanta
549 1346 691 1404 marititna
711 1363 785 1404 tem-

103 1419 193 1502 pestas
219 1423 314 1483 audita
340 1361 387 1484 etl.
414 1423 542 1484 Romani
565 1444 661 1485 tamen
689 1423 785 1484 statim

103 1502 236 1563 ducentas
252 1519 336 1565 naves
350 1521 567 1585 reparaverunt,
587 1525 678 1588 neque
691 1507 721 1566 in
735 1507 787 1567 ali*
830 1520 838 1530 “

103 1601 161 1666 quo
177 1586 288 1646 animus
309 1581 352 1646 his
368 1586 501 1646 infractus
518 1586 580 1646 fuit.
773 1591 774 1595 ’

145 1664 257 1724 XXIII.
278 1665 381 1728 Cnaeus
399 1667 531 1727 Servilius
552 1665 676 1746 Caepio,
700 1676 727 1727 δι
745 1660 784 1730 C.

104 1745 287 1828 Sempronius
303 1744 404 1808 Blaesus
421 1747 560 1810 Consules
577 1761 641 1806 cum
661 1747 787 1810 ducentis

73 1835 79 1846 “
102 1823 251 1912 sexaginta
286 1830 404 1889 navibus
438 1828 474 1888 ad
505 1823 634 1888 Africam
666 1827 787 1909 profesti

104 1903 168 1968 sunt
189 1932 196 1966 :
215 1909 325 1989 aliquot
342 1911 467 1969 civitates
487 1929 617 1990 cepemnt
637 1933 644 1966 r
664 1911 787 1990 praedam

103 1989 252 2071 ingentem
277 1989 437 2050 reducentes
462 2036 471 2061 ,
502 1989 683 2074 naufragium
713 1994 788 2072 passi

103 2065 175 2130 sunt.
193 2071 295 2152 Itaque
311 2070 375 2130 crim
390 2073 528 2130 continue
543 2073 717 2132 calamitates
729 2073 789 2132 Ro-

103 2153 197 2212 manis
226 2149 427 2232 displicerent,
451 2151 573 2211 decrevit
593 2153 733 2223 Senatus,
758 2165 790 2212 ut

103 2227 120 2288 a
140 2233 293 2292 maritimis
310 2233 410 2312 praeliis
423 2231 612 2302 recederetur,
635 2239 661 2293 δι
678 2231 788 2300 tantdnt
846 2235 848 2240 ’

105 2308 253 2451 ίῗαςὶηω
272 2331 357 2374 naves
373 2312 410 2374 ad
428 2312 586 2394 presidium
600 2313 687 2374 Italiae
705 2313 788 2376 salvat

82 2411 199 2454 eent.

144 2467 277 2534 XXIV.
300 2475 389 2534 Lucio
408 2469 526 2536 Cecilio
547 2473 689 2548 Metello,
711 2475 788 2538 Caio

103 2552 190 2615 furio
209 2554 530 2628 PacilloCousulibus,
550 2557 683 2618 Metellus
698 2559 728 2617 in
742 2559 789 2619 Si·

104 2635 173 2695 eilii
186 2635 324 2697 Afrorum
344 2637 443 2696 ducem
459 2683 468 2710 ,
489 2659 553 2697 cum
568 2658 678 2698 centum
693 2647 721 2698 &
739 2640 790 2696 trie

105 2715 189 2798 ginta
207 2714 363 2798 elephantis
384 2727 411 2778 δι
427 2721 540 2812 magnis
561 2721 648 2800 copiis
667 2720 787 2778 ¹venien-

103 2815 186 2869 tem,
202 2796 234 2858 su
254 2799 363 2868 eravit,
382 2800 484 2881 viginti
498 2799 588 2859 mlllia
610 2797 733 2858 hostium
747 2815 791 2858 te·

106 2877 203 2950 cidit,
225 2819 272 2940 lix
285 2888 312 2940 δι
327 2881 432 2964 vIginti
442 2879 620 3022 elephanto}
633 2881 727 2976 cepit,
745 2901 789 2968 re-

615 3029 618 3042 ,
640 2981 671 3042 1¹1
