2134 3668
290 302 650 372 Tisrrnonra.
755 326 820 392 129

136 439 196 514 e'jus
213 458 219 492 :
238 435 353 516 quando
375 433 434 494 istic
452 436 552 517 legas,
571 456 605 495 ex
626 435 751 498 fontibus
769 437 824 497 illis
918 468 920 471 -

137 531 256 608 petitum
283 526 359 600 elle,
381 549 414 588 ex
438 528 540 607 quibus
566 528 614 588 sua
636 527 750 590 haus'lre
772 535 823 609 ju·

137 630 230 688 niores
249 630 323 708 ipsi,
344 628 464 698 Livius,
484 637 511 688 &
529 629 631 688 Victor
652 627 730 688 Afer.
751 627 826 704 Quis

138 730 215 788 enirn
233 730 268 787 sit
277 728 379 787 Viclor
392 728 438 786 ille
456 727 547 798 Afer,
566 729 588 788 si
607 749 666 788 non
683 726 722 786 est
736 725 827 788 histo·
872 779 874 784 .

138 826 210 884 ricus
233 825 283 884 ille
300 825 456 885 Ammiano
479 845 671 897 memoratus,
691 849 725 889 ac
749 830 825 905 cujus

138 916 197 977 duo
222 916 284 978 sunt
309 919 423 992 libelli,
446 941 517 1000 quos
545 919 739 980 dicebamus?
763 921 827 980 Nec
846 935 848 939 ‘

138 1015 231 1077 obstat
264 1016 328 1078 Afri
364 1039 534 1100 cognomen.
569 1019 647 1079 Nam
680 1018 827 1081 Aurelium

138 1113 289 1173 Viciorem
316 1117 430 1175 natione
459 1113 538 1176 fuiffe
566 1115 697 1187 Afrum,
722 1113 827 1176 *aveto

129 1215 201 1267 ¹non
228 1205 386 1279 abhorret,
406 1199 637 1292 quandoquidem
662 1209 765 1286 multus
787 1206 827 1267 est

140 1303 171 1364 in
193 1325 225 1364 ea
242 1295 401 1378 leudanda,
422 1327 454 1366 ac
477 1307 581 1366 alicubi
602 1306 723 1388 appellat
740 1324 828 1364 terra-

141 1419 200 1461 rum
229 1406 317 1464 decus.
348 1403 545 1482 Quamobrem
573 1405 613 1462 ita
632 1395 827 1486 'colligimus3
868 1415 871 1420 '

139 1501 269 1562 libellum
290 1503 371 1562 illum
391 1501 425 1562 de
445 1502 565 1584 Origine
584 1503 676 1584 gentis
690 1501 829 1572 Romanae

55 1589 57 1592 ¹
141 1597 308 1680 congestum
326 1595 378 1657 elle
400 1599 435 1657 ab
456 1599 572 1678 aliquo,
591 1597 641 1678 qui
660 1596 743 1656 fuerit
764 1595 827 1676 post

141 1691 292 1751 Aurelium
299 1691 458 1751 Vistorem.
471 1690 565 1771 Atque
577 1687 652 1751 idern
663 1687 771 1769 scripsit
780 1689 827 1752 De

145 1784 266 1864 Origine
286 1785 376 1862 gentis
399 1784 548 1847 Patauino
573 1808 583 1843 :
606 1803 638 1843 ut
664 1782 721 1873 ipse
745 1787 828 1845 initio

140 1871 230 1940 libelli
247 1873 281 1935 de
301 1875 421 1959 Origine
442 1879 532 1959 gentis
550 1875 687 1937 Romanae
705 1873 827 1936 testatur.

140 1966 291 2026 victorem
309 1965 390 2028 ,firiffe
414 1965 561 2030 hominem
583 1968 718 2052 gentilem
740 2015 752 2038 ,
781 1969 828 2028 vel

141 2059 208 2132 inde
238 2057 368 2131 constat,
398 2061 477 2142 quod
503 2066 533 2121 in
553 2061 694 2122 Hadriani
713 2059 773 2122 viti
791 2058 828 2121 eti

142 2157 280 2225 inclinat,
302 2174 333 2214 ut
354 2157 474 2216 Antinoi
498 2153 665 2215 sacrificium
686 2175 728 2214 res
747 2153 830 2226 fuerit
901 2157 905 2164 “

142 2255 190 2330 pia
207 2297 219 2321 ,
242 2248 437 2333 religiosaque.
459 2249 541 2310 Alius
561 2249 597 2308 ab
619 2246 674 2308 hoc
697 2245 830 2330 scriptore

144 2340 183 2400 est
197 2342 326 2402 Aurelius
346 2341 469 2414 Vistor,
487 2359 678 2424 cognomento
697 2341 828 2424 PrimuS,

144 2435 180 2496 de
209 2455 267 2518 quo
294 2437 333 2513 sie
360 2435 450 2496 Julius
472 2432 651 2516 Capitolinus
673 2436 703 2494 in
729 2434 830 2516 Opilio
861 2475 866 2499 .

142 2524 301 2586 Macrino:
322 2525 356 2588 V
351 2526 413 2586 etia
430 2527 542 2604 denique
557 2525 670 2588 Aurelii
688 2527 831 2601 moris,

145 2623 190 2688 cui
213 2620 310 2680 Primo
331 2641 472 2700 cognomen
500 2641 559 2682 erat
579 2667 589 2693 ,
613 2620 666 2682 hac
684 2623 829 2700 filerunt:

145 2711 326 2783 Macrinum,
347 2712 504 2773 libertinum
524 2713 681 2786 homiuem,
698 2713 832 2795 prostibu-

144 2801 203 2862 lum
212 2801 362 2882 servilibus
380 2803 475 2883 officiis
496 2824 673 2882 occupatum,
690 2814 742 2866 &c.
754 2805 831 2867 Nam

573 2946 575 2950 s
654 2911 714 2971 Ἑν
