2060 3662
315 323 628 395 LinauIlI.
769 344 812 410 39

133 448 321 534 Agrigentum
345 448 513 514 civitatem,
536 463 601 502 eum
626 439 687 524 ipso
706 441 814 523 oppidu

133 534 227 610 cepit,
250 549 371 610 eumque
390 527 516 586 Romam
535 545 600 584 cum
618 523 734 606 captiuis
753 545 811 582 no-

132 611 237 671 bilibus
251 612 350 680 misit;
372 608 558 692 quadraginta
576 607 700 666 civitates
716 607 746 674 in
764 603 816 664 de-

131 693 272 752 ditionem
290 692 417 770 accepit,
437 685 484 748 sex
503 697 530 748 &
546 690 576 748 vi
598 687 649 746 inti
667 705 814 768 expugna·

131 776 184 834 vit.
207 774 252 834 lta
273 773 354 832 omni
375 769 472 831 Sicililt
489 787 622 848 recepta,
641 765 816 826 Macedoni&

132 852 223 916 stadii
238 900 247 925 ,
264 874 337 912 tum
363 853 481 946 ingentiv
501 847 592 934 glorilr
617 849 741 908 Romam
766 851 814 928 re7³

131 932 237 1017 gressus
252 933 299 994 est.
312 933 460 994 Hannibal
473 935 502 990 in
516 930 598 991 ltalid
610 929 668 990 Cn.
680 929 817 996 ,Fulvium

135 1014 295 1077 Consulem
310 1013 404 1074 subitb
418 1009 577 1096 aggressus,
593 1033 656 1069 cum
670 1015 736 1071 odio
750 1011 817 1070 milss

135 1097 210 1156 libus
226 1094 376 1156 hominum
395 1093 542 1154 interfecit.

176 1179 249 1238 XV.
272 1178 380 1238 Interea
398 1175 435 1236 ad
450 1173 628 1254 Hispanias,
650 1172 699 1232 ubi
717 1174 818 1234 occisis

136 1259 247 1320 duobus
269 1258 448 1338 Scipionibus
475 1257 566 1316 nullus
589 1253 737 1314 Romanus
762 1255 819 1314 dux

138 1360 216 1413 erat,
239 1340 354 1401 Publius
377 1339 527 1400 Cornelius
552 1335 648 1416 Scipio
671 1337 791 1398 mittitur
805 1382 818 1407 ,

137 1421 211 1482 filius
230 1423 323 1484 Publii
334 1419 492 1501 Scipionis,
518 1419 567 1499 qui
586 1417 693 1476 ibidem
711 1417 819 1476 belluni

136 1501 274 1587 gesserat,
294 1523 383 1562 annos
400 1521 481 1560 natus
501 1519 621 1580 quatuor
640 1509 667 1559 &
685 1500 789 1582 viginti
808 1521 819 1569 3

132 1587 180 1644 uit
206 1585 404 1644 Romanorum
429 1582 558 1642 omnium
583 1576 610 1640 dt
639 1578 687 1639 sul
717 1599 818 1649 artare,

137 1673 166 1726 δε
184 1664 329 1745 posteriori
346 1683 471 1742 tempore
491 1661 546 1720 sete
565 1663 676 1740 primus.
697 1659 723 1720 ls
740 1660 818 1720 Car-

137 1741 287 1828 thaginem
311 1742 456 1825 Hispaniae
483 1743 577 1822 capit,
600 1741 629 1799 in
654 1738 709 1822 qud
734 1762 820 1801 omne

136 1847 259 1898 aurum,
283 1835 310 1887 δι
336 1845 504 1909 argentum,
527 1833 554 1883 δι
571 1822 638 1882 belli
656 1841 820 1904 apparatum

135 1905 203 1968 Afri
223 1906 368 1970 habebant
379 1931 389 1979 3
412 1907 604 1966 nobilissimos
625 1926 738 1986 quoque
760 1905 818 1964 ob·

136 1990 235 2061 sides,
255 2009 328 2072 quos
346 1990 383 2048 ab
396 1985 532 2067 Hispanis
551 2006 735 2066 acceperant:
750 1985 821 2046 Ma·

135 2090 243 2156 gonem
265 2073 351 2130 etiam
374 2068 488 2130 fratrem
513 2067 686 2128 Hannibalis
711 2066 819 2126 ibidem

136 2154 236 2234 capit,
263 2173 348 2232 quem
379 2151 506 2210 Romam
536 2169 602 2206 cum
632 2148 693 2206 aliis
722 2149 819 2210 mittit.

135 2234 238 2293 Roma
265 2235 364 2316 ingens
386 2232 482 2290 laetitia
504 2225 660 2308 posthunc
686 2229 821 2288 nuncium

137 2315 201 2376 sirit.
220 2314 316 2394 Scipio
329 2310 522 2392 Hispanorum
536 2309 646 2370 obsides
661 2311 820 2389 patentibus
878 2339 884 2349 ·

136 2395 268 2456 reddidit.
291 2393 402 2472 Quiete
422 2413 521 2450 omnes
539 2389 596 2450 fere
618 2390 762 2471 Hispania
782 2387 819 2452 ad

135 2499 204 2537 eum
219 2498 275 2536 uuo
288 2479 385 2535 animo
399 2475 574 2534 transierunt.
595 2469 660 2530 Post
673 2495 733 2554 quae
747 2469 821 2533 Has-

137 2558 284 2620 drubalem
298 2602 307 2628 ,
321 2556 491 2616 Hannibalis
505 2552 639 2624 stantem,
653 2556 759 2616 vidium
774 2554 820 2614 fu-

138 2659 212 2724 gat,
234 2645 261 2698 &
276 2638 397 2718 predam
417 2637 571 2697 maximam
594 2637 675 2714 capit.

180 2719 274 2778 XVl.
297 2719 405 2778 Interea
423 2719 453 2776 in
474 2715 557 2776 Italid
576 2713 688 2778 Consul
705 2715 743 2792 Q.
763 2715 820 2776 Fa-

136 2802 200 2860 bius
217 2801 362 2862 Maximus
383 2800 537 2858 Tarentum
562 2799 688 2878 recepit,
713 2800 742 2856 in
763 2795 819 2878 qud
868 2815 870 2822 ’

138 2884 265 2964 ingentes
283 2884 370 2964 copia:
382 2881 552 2944 Hannibalis
569 2897 654 2941 erant.
668 2877 714 2938 lbi
731 2881 818 2942 etiam
