2110 3666
257 349 324 400 ou
350 333 692 404 CAEcAnrnus.
744 338 808 424 283

134 451 214 532 signe
235 449 353 511 Caesaris
374 451 482 512 datum.
507 453 637 530 Quorum
662 451 724 512 crim
746 473 815 516 natu

134 531 269 612 grandior
284 578 294 602 ‚
315 535 453 592 incertum
468 534 523 614 qud
538 533 644 604 causd,
667 539 752 614 patris
764 541 813 614 ju·

103 663 106 670 ⁴
133 611 207 671 dicio
230 611 395 684 occidisset,
422 616 534 694 repent&
561 615 716 677 Calocerus
741 617 813 676 Ma-

132 691 215 775 gister
231 698 339 774 pecoris
355 695 527 755 camelorum
542 695 671 777 Cyprum
690 695 812 758 insulam

131 773 224 854 specie
243 779 324 859 regni
341 775 456 836 demens
470 799 502 836 ca
523 781 660 837 essiverar.
681 779 749 854 Quo
769 800 814 838 ex-

132 858 278 928 cruciato,
299 876 329 916 ut
342 857 384 916 fas
399 877 457 917 erat
467 903 481 927 „
502 799 596 918 iervili
610 878 657 918 aut
672 859 814 920 latronum

132 957 236 1008 more,
258 937 406 998 condendi
425 940 493 998 urbe
515 938 755 1020 formidandisque
774 938 816 1000 re'·

132 1017 287 1100 ligionibus
316 1023 461 1102 ingentem
496 1023 624 1080 animum
653 1025 814 1093 avocavit,

134 1100 219 1158 simul
237 1100 373 1160 novundae
394 1101 501 1160 militiae
520 1101 629 1162 ordine.
652 1102 690 1162 Et
711 1102 816 1162 intereir

135 1178 298 1242 Gothorum
320 1182 565 1262 Sarmatarumque
585 1181 672 1242 strarae
692 1203 813 1266 gentem

133 1257 261 1342 filiusque
281 1266 444 1324 cunstorum
462 1265 578 1334 minor,
601 1263 742 1324 Constans
764 1287 818 1324 no·

133 1344 233 1412 mine,
254 1342 349 1405 Caesar
368 1342 407 1404 fit.
429 1343 520 1406 Cu'us
540 1345 630 1428 grati&
643 1345 815 1425 Reipublicae

133 1423 344 1504 permistionem
366 1424 427 1484 fore
451 1366 623 1486 orientorum
647 1428 718 1486 mira
741 1448 812 1506 pro-

133 1503 255 1576 diddre3
277 1509 380 1586 quippe
403 1504 435 1564 ed
457 1509 564 1577 nodie,
586 1515 647 1587 quae
670 1509 815 1568 commissi

133 1587 245 1666 imperii
269 1587 346 1646 diem
370 1585 559 1666 sequebatur,
591 1589 653 1668 igni
680 1590 817 1648 continuo

134 1667 199 1725 coeli
218 1666 303 1726 facies
326 1667 518 1748 conflagravit.
543 1665 658 1726 Abhinc
678 1665 814 1728 consum·

133 1765 184 1827 pto
209 1745 266 1804 ferd
291 1747 431 1816 biennio,
459 1745 549 1806 fratris
572 1744 687 1818 filium,
713 1750 758 1807 cui
783 1769 818 1810 ex

133 1847 213 1908 patre
227 1827 376 1888 Dalmatio
392 1847 498 1887 nomen
514 1826 591 1897 fuit,
608 1826 750 1890 Caesarem
762 1828 818 1910 jus·

133 1910 202 1978 sit,
235 1907 422 1969 assistentibus
449 1909 543 1969 valide
566 1911 742 1972 militaribus.
770 1911 815 1974 Ita

134 2011 212 2050 anno
232 1993 343 2070 imperii
362 1993 504 2051 tricesimo
525 1989 727 2074 secundoque,
750 1990 816 2053 crim

133 2090 226 2132 totum
240 2073 339 2132 orbem
352 2072 485 2132 tredecim
499 2071 647 2142 tenuisset,
670 2071 815 2156 sexaginta

133 2173 215 2214 natus
233 2173 316 2233 atque
339 2152 457 2233 amplius
476 2154 533 2212 duo
548 2157 611 2223 ‚in
632 2152 729 2213 Persas
748 2172 814 2214 ten-

135 2233 225 2305 dens,
246 2233 263 2292 *a
279 2232 342 2313 quis
361 2234 466 2292 bellum
484 2237 634 2373 irrumKere
652 2254 815 2315 acceperat,

133 2336 194 2374 rure
208 2316 338 2396 proximo
353 2314 551 2385 Nicomediae,
590 2311 744 2395 chyronam
765 2338 816 2375 vo·

135 2417 222 2467 cant,
245 2396 385 2466 excessit,
410 2393 474 2454 cdm
498 2395 535 2455 ad
560 2394 589 2454 id
614 2415 715 2455 tetrum
742 2396 816 2458 sidus

135 2481 250 2559 regnis,
271 2477 349 2557 quod
366 2479 496 2536 crinitum
513 2481 639 2546 vocant,
659 2475 816 2557 portendis-

135 2555 184 2618 ser.
206 2559 298 2617 Funus
316 2559 433 2618 relatum
456 2562 486 2618 in
505 2559 604 2618 urbem
620 2556 663 2617 sui
681 2561 815 2620 nominis.·

133 2637 224 2716 Quod
244 2637 310 2698 sane
329 2639 360 2699 P.
385 2639 421 2699 R.
441 2639 582 2724 aegerrime
602 2640 689 2710 tulit,
712 2642 815 2721 quippe

135 2725 212 2799 cujus
227 2722 338 2790 armis,
359 2721 493 2803 legibus,
518 2721 649 2780 clementi
669 2723 815 2802 imperio,

135 2803 215 2882 quasi
236 2820 371 2862 novatam
393 2803 489 2860 urbem
508 2801 671 2862 Romanam
693 2803 815 2861 arbitra-

134 2901 216 2944 retur.
237 2881 312 2944 Pons
333 2903 381 2965 per
399 2883 565 2946 Danubium
585 2883 706 2956 dumus,
727 2880 815 2944 castra
