2134 3668
250 351 318 414 104
440 303 756 395 EUTROPIJ

245 467 294 528 pet
308 442 492 506 Odenatlrum
514 443 602 504 Persae
621 445 690 504 visti
707 441 771 502 sunt
788 467 794 500 :
813 442 930 504 defensa

246 525 354 608 Syria,
382 525 491 607 recepti
516 524 729 605 Mesopotamiai
742 569 753 596 ,
776 523 864 606 usque
891 526 930 586 ad

248 605 466 688 Ctesiphontem
490 605 841 688 Odenathuspenetravit.

289 689 342 750 XI.
362 689 427 760 Ita,
450 689 584 750 Gallieno
608 688 826 768 Rempublicam
844 686 929 748 dese-

247 789 349 840 rente,
365 769 530 830 Romanum
552 772 701 848 imperium
722 771 752 828 in
772 769 932 829 Occidente

248 872 298 931 pet
310 848 491 922 Postumum,
507 871 555 932 per
568 848 753 911 Odenathutu
767 851 797 908 in
810 848 932 910 Oriente

247 929 389 993 servatum
410 930 457 992 est.
479 933 626 994 Gallienus
644 933 749 992 interea
768 931 933 992 Mediolani

250 1034 316 1074 cum
338 1013 421 1074 fratre
439 1014 595 1073 Valeriano
614 1011 722 1074 occisus
742 1009 801 1082 est,
819 1014 932 1093 imperii

249 1116 328 1154 anno
354 1117 432 1155 nono
456 1117 463 1151 τ
484 1091 677 1175 Claudiusque
697 1095 723 1154 ei
745 1091 893 1164 successit,
914 1094 932 1154 ὲ

252 1176 390 1236 militibus
402 1177 525 1244 elesius,
545 1173 679 1236 itSenatu
695 1175 849 1256 appellatus
862 1175 928 1234 Au-

251 1254 355 1340 gustus.
381 1255 439 1316 Hic
460 1254 597 1328 Gothos,
619 1257 762 1337 Illyricum
785 1256 929 1315 Macedo-

252 1339 387 1418 uiamque
404 1333 568 1408 vastantes,
587 1339 698 1421 ingenti
718 1337 812 1418 praelio
834 1339 903 1398 vicit
923 1361 932 1396 t

252 1439 350 1498 parcus
372 1419 435 1490 vir,
452 1440 486 1478 ac
504 1417 667 1489 modestus,
690 1427 717 1480 &
738 1416 801 1496 julli
823 1437 933 1490 tenax,

253 1518 337 1580 atque
363 1499 538 1580 Reipublicae
563 1499 689 1584 gerenda
713 1498 829 1560 idoneus
851 1523 858 1556 z
882 1503 934 1581 qui

254 1600 350 1640 tamen
369 1583 441 1640 intra
463 1583 573 1661 imperii
594 1583 739 1640 biennium
759 1581 861 1640 morbo
882 1584 931 1640 in-

255 1665 347 1734 teriit,
366 1671 393 1722 &
412 1663 502 1723 Divus
521 1663 674 1744 appellatus
693 1661 740 1722 est.
756 1661 874 1728 Senatus
893 1665 935 1722 in-

254 1745 334 1836 genti
356 1765 421 1803 eum
446 1739 555 1804 honore
580 1744 746 1814 decoravit,
775 1741 881 1804 scilicet
904 1763 936 1804 ut

253 1845 285 1883 rn
305 1823 380 1886 curii
399 1826 510 1904 clypeus
529 1827 582 1904 ipsi
598 1845 714 1895 aureus,
735 1827 803 1884 item
822 1825 853 1884 in
872 1823 936 1886 Ca-

254 1907 356 1986 pitolio
376 1903 464 1965 statua
486 1927 568 1967 autea
590 1927 746 1986 poneretur.

295 1985 363 2046 XII.
385 1987 541 2064 Quintillus
557 1987 617 2066 post
634 2009 720 2058 eum,
741 1983 858 2048 Claudii
871 1987 933 2048 sra-

255 2085 318 2138 ter,
341 2066 477 2128 consensu
504 2069 627 2128 militum
656 2069 811 2150 Imperator
833 2071 936 2130 eleelus

255 2145 314 2220 est,
333 2151 376 2210 vit
397 2152 484 2210 unicae
504 2150 752 2210 moderationis&
773 2151 935 2222 civilitatis,
969 2157 972 2162 '

218 2252 220 2256 ’
256 2230 407 2311 aequandus
419 2230 499 2292 fratri
508 2232 553 2291 vel
566 2231 786 2312 praeponendus,
799 2229 938 2292 consensu

255 2309 374 2371 Senatlrs
395 2312 548 2391 appellatus
569 2311 728 2394 Augustus,
751 2311 936 2392 septimode-

236 2393 334 2450 “timo
358 2391 403 2450 die
424 2393 534 2471 imperii
554 2391 662 2454 occisus
684 2392 731 2454 est.

297 2472 380 2534 XIII.
399 2471 465 2532 Post
482 2494 546 2532 eum
562 2474 729 2536 Aurelianus
747 2471 866 2555 suscepit
884 2477 938 2535 im·

256 2556 388 2691 perium,
406 2551 499 2612 Dacilt
522 2553 639 2635 Ripensi
660 2555 793 2625 oriundus
814 2580 821 2614 ε
843 2559 887 2616 vit
905 2559 938 2618 in

279 2635 335 2696 ello
354 2652 472 2713 potens,
489 2637 578 2696 animi
600 2655 695 2696 tamen
720 2636 890 2708 immodici,
909 2647 938 2698 &

258 2713 296 2774 ad
315 2715 506 2776 crudelitatem
527 2720 731 2797 propensioris,
749 2720 854 2800 quique
873 2719 939 2780 Go-

258 2793 323 2856 thos
343 2794 529 2858 lnenunnme
552 2800 629 2860 vicit.
658 2799 821 2860 Romanam
844 2799 937 2860 ditio-

259 2898 326 2944 nem
361 2878 398 2941 ad
427 2876 496 2942 fines
527 2877 656 2962 pristinos
684 2879 941 2946 valitudinum
