2142 3664
225 306 294 369 208
369 297 494 368 Aua.
523 299 742 396 Victore

222 419 269 480 sed
291 417 454 500 eloquentiae
477 415 640 486 consultus,
664 438 697 476 ex
718 414 751 476 e&
774 414 897 500 gloriam

222 502 335 581 peperit.
352 498 446 558 Primo
460 501 490 557 in
501 497 638 576 Hispani&
651 499 825 557 corniculum
839 519 898 556 me·

223 584 278 640 tuit
293 603 302 650 3
322 578 372 638 sub
390 576 487 640 Oreste
505 580 536 638 in
548 576 677 639 Sardinist
697 575 832 658 stipendia
854 577 898 637 fe·

224 663 270 720 cit.
290 659 417 731 AEdilis,
437 662 492 738 juri
510 658 652 738 reddendo
671 661 787 741 tnagis,
811 656 898 755 qu'am

225 743 336 800 muneri
348 740 457 800 edendo
470 739 581 798 studuit.
595 740 698 799 Praetor
713 739 840 800 adversus
850 739 900 799 Ju-

171 825 174 831 ’
246 820 357 880 urtham
373 826 468 882 tamen
484 825 540 898 ejus
557 818 673 899 pecunia
688 821 786 879 vissus.
810 818 898 880 Con-

223 842 266 962 sul
290 904 381 984 legem
413 902 448 961 de
474 899 628 980 sumptibus
654 910 681 961 &
705 901 899 959 libertinorum

223 979 362 1066 suffragiis
376 984 446 1042 tulit.
461 982 492 1042 P.
506 983 628 1042 Decium
641 981 790 1040 Praetorem
809 978 900 1040 trans-

224 1083 305 1124 eunte
322 1065 332 1122 i
352 1061 383 1122 so
399 1062 562 1130 sedentem,
582 1063 661 1139 jussit
681 1057 836 1143 assurgere,
856 1063 898 1119 ei-

222 1165 278 1224 que
291 1085 394 1204 vesem
408 1143 505 1212 scidit,
521 1142 617 1202 sellam
631 1141 771 1210 concidit3
787 1162 822 1199 ne
835 1144 898 1221 quis

224 1225 261 1284 ad
279 1245 344 1283 eum
364 1227 393 1283 in
411 1229 453 1301 jus
470 1225 543 1293 iret,
566 1221 661 1281 edixit.
679 1221 789 1282 Consul
805 1223 899 1304 Ligu-

224 1327 268 1364 res
296 1314 324 1365 &
349 1304 499 1365 Gamiscos
527 1303 661 1374 domuit,
688 1323 771 1384 atque
797 1303 831 1361 de
856 1299 901 1362 his

224 1383 415 1465 triumphavit.
437 1383 548 1445 Censor
565 1385 643 1442 viam
660 1383 811 1443 AEmiliam
832 1380 902 1442 stra·

224 1468 287 1535 vit3
316 1485 430 1545 pontem
451 1466 593 1524 Mulvium
618 1463 692 1523 fecit.
718 1464 902 1544 Tantumque

225 1549 389 1606 audioritate
419 1550 538 1626 potuit,
568 1563 598 1604 ut
625 1544 775 1625 Opimium
803 1563 900 1603 contra

226 1624 387 1687 Gracchum
401 1673 413 1696 ,
436 1627 562 1686 Marium
585 1643 681 1684 contra
700 1625 849 1686 Glauciam
874 1633 902 1684 δι

226 1707 406 1768 Saturninum
424 1710 532 1788 privato
549 1708 666 1765 consilio
685 1724 810 1764 armaret.
821 1705 902 1764 Idem

227 1786 320 1848 filium
341 1787 443 1859 suum,
465 1791 532 1868 quia
550 1786 706 1868 presidium
725 1784 902 1857 deseruerat,

226 1871 258 1928 in
281 1867 460 1948 conspecdum
482 1867 562 1927 suum
582 1868 669 1926 vetuit
691 1865 828 1925 accedere.
851 1867 903 1925 Ille

227 1949 266 2007 ob
297 1948 352 2007 hoc
382 1949 500 2008 dedecus
530 1966 651 2007 mortem
676 1947 730 2005 sibi
758 1944 903 2010 conscivit.

227 2031 345 2090 Scaurus
359 2027 461 2100 senex,
480 2027 544 2087 crim
565 2026 581 2086 ‘a
593 2029 684 2086 Vario
696 2027 826 2086 Tribuno
844 2028 904 2106 ple·

228 2110 272 2170 bis
287 2129 466 2192 argueretur,
486 2110 566 2191 quasi
585 2107 675 2169 socios
693 2118 720 2169 &
734 2109 848 2168 Latium
866 2107 904 2167 ad

227 2212 307 2250 arma
325 2187 456 2275 cossgisset
468 2237 480 2260 ,
501 2189 575 2270 apud
590 2190 743 2270 populum,
764 2191 825 2248 ait:
842 2188 904 2247 Va·

228 2274 285 2331 rius
296 2273 473 2332 Sucronensis
484 2271 640 2332 AEmilium
653 2271 786 2331 Scaurum
806 2270 846 2328 ait
860 2266 904 2327 so-

229 2354 288 2411 cios
319 2353 355 2412 ad
382 2374 459 2413 arma
484 2348 628 2434 co'e'giise,
652 2351 769 2410 Scaurus
794 2369 880 2431 negat
892 2391 904 2418 ,

230 2435 285 2493 utri
303 2432 394 2512 potitis
410 2432 576 2492 credendum
595 2431 718 2509 putatis?
766 2445 768 2450 ·

231 2517 233 2522 '
269 2513 404 2574 LXXIII.
425 2515 528 2572 Lucius
545 2511 697 2590 Appuleius
715 2509 907 2582 Satutninus,

230 2592 373 2653 Tribunus
387 2594 475 2674 plebis
490 2589 635 2653 seditiosus
648 2636 657 2662 ,
670 2607 701 2650 ut
714 2591 833 2672 gratiam
844 2590 909 2650 Ma·

231 2678 372 2734 rianorum
387 2677 508 2734 militum
524 2690 653 2754 pararet,
668 2671 760 2764 legem
775 2671 858 2742 tulit,
877 2689 908 2728 ut

232 2757 366 2815 veteranis
380 2775 495 2815 centena
510 2757 572 2836 agri
588 2758 683 2835 jugera
703 2773 732 2810 m
752 2747 848 2810 Africa
862 2748 909 2808 di-

231 2838 388 2904 viderentur
406 2859 416 2910 3
438 2836 654 2900 intercedentem
668 2832 795 2894 Baebium
817 2830 909 2891 colie-

1065 2735 1067 2828 ,
