2110 3666
282 301 671 398 Bn‘zvtAatunt.
750 353 811 418 371

137 441 197 513 est,
212 441 380 504 Odenathus
390 444 529 515 ,decurio
542 445 722 528 Palmyrenus
734 448 816 528 ,col-
859 505 867 510 .

108 551 111 555 ·
140 522 213 586 lecti
221 524 355 606 Syrorum
372 523 521 608 agrestium
538 529 814 594 main1‚acrittrce·

140 602 271 676 stitilset3
301 614 329 666 δι
355 603 423 666 fusis
448 607 595 688 aliquoties
622 607 734 681 Persis,
757 629 816 669 non

140 683 231 746 modo
260 684 384 747 nostrum
413 687 534 747 limitem
559 685 743 765 defendillet,
768 687 817 751 sed

140 766 227 828 etiam
245 765 282 828 ad
296 764 513 847 Ctesiphontem
532 768 656 829 Romani
672 771 746 830 ultor
760 772 818 830 im-

141 848 234 930 petii,
251 847 329 988 puod
346 849 448 908 mirum
467 847 507 908 est
524 848 623 920 dictu,
646 847 814 929 penetrdllet.

182 925 244 991 XX
272 930 310 988 V.
342 930 487 990 Aureliani
515 931 688 1010 imperatoris
717 934 816 1014 gloria:

140 1007 292 1080 Zenobia,
316 1007 463 1070 Odenathi
491 1031 588 1082 uxor,
619 1013 742 1112 accpssit.
771 1013 815 1074 Ea

141 1087 817 1254 diltl‘t'ldlfft‘lssiilillidii?

140 1269 193 1311 nus
207 1295 217 1322 ‚
231 1251 326 1312 multis
342 1251 558 1314 clibanariorum
570 1250 814 1335 &sagittariorum

141 1331 267 1392 millibus
283 1331 402 1402 fretam,
417 1332 491 1412 apud
509 1333 614 1394 immas
626 1330 701 1394 haud
719 1336 815 1413 procul

137 1411 179 1472 ab
187 1410 342 1474 Antiochii
348 1414 433 1482 vicit3
444 1423 471 1473 &
482 1433 603 1494 captam,
612 1414 711 1476 Rome
720 1417 816 1476 trium·

139 1487 251 1573 phans,
267 1512 331 1552 ante
347 1513 456 1552 curtum
473 1493 559 1554 duxit.
578 1495 648 1557 Cati
663 1497 815 1574 impetato-

139 1573 176 1634 τίς
190 1573 307 1634 victoria
328 1572 367 1632 de·
382 1573 493 1645 Persis,
512 1572 632 1635 nimidm
653 1595 751 1655 potens
769 1575 813 1638 su·

139 1671 227 1735 perno
242 1653 363 1714 Numini
378 1651 438 1714 visa
458 1653 505 1714 est.
526 1654 603 1714 Nam
620 1653 656 1716 ad
674 1655 814 1720 invidiam

140 1731 257 1794 coelestis
276 1733 478 1817 indignationis
498 1732 653 1814 pettinnille
677 1736 813 1800 credenda

94 1875 96 1880 ,
140 1811 188 1874 est.
219 1815 243 1874 ls
270 1817 346 1875 enim
373 1811 504 1898 ingteffus
532 1815 703 1890 Persidem,
732 1821 821 1899 quati

44 1911 47 1916 ’
140 1895 219 1956 nullo
232 1892 380 1954 obsistente
390 1941 402 1965 ,
415 1893 533 1956 vastavit
547 1919 554 1954 ε
569 1894 690 1958 Cochen
703 1907 731 1960 δι
742 1898 814 1962 Cte-

136 1972 322 2056 ciphontem,
349 1976 430 2037 urbes
456 1974 599 2037 Persarum
626 1979 814 2042 nobilissimas

139 2057 221 2136 cepit.
247 2054 324 2117 Cdm
348 2057 439 2118 vidior
455 2059 540 2116 totius
554 2059 646 2138 gentis
660 2057 746 2119 castra
762 2058 812 2120 su·

138 2155 187 2216 per
208 2135 358 2220 Tigridem
377 2134 494 2198 habetet
505 2181 516 2209 ,
538 2135 664 2198 fulminis
679 2141 741 2200 'istu
763 2142 812 2200 in·

10 2227 11 2238 ¹
139 2218 223 2278 teriit.
779 2267 781 2274 Α

179 2297 275 2358 XXV.
287 2297 346 2360 Sub
358 2297 540 2360 Diocletiano
552 2297 675 2379 principe
684 2343 697 2368 ,
710 2319 815 2380 pompa

136 2379 260 2439 victoria
286 2397 354 2440 nota
378 2379 412 2441 de
435 2380 523 2440 Persis
547 2377 593 2440 est
619 2379 813 2443 Maximianus

136 2456 253 2529 Caesar,
275 2457 365 2539 primi
389 2482 442 2520 con
464 2461 584 2520 cessione
598 2466 614 2530 ,'
631 2458 696 2519 caim
716 2479 814 2522 contra

136 2540 312 2600 hnumemm
329 2481 534 2602 multimdinem
550 2562 615 2601 cum
629 2541 724 2622 paucis
741 2543 814 2603 acti-

10 2627 11 2662 ³
137 2637 179 2680 tec
201 2617 379 2692 dimicdll'et‚
402 2620 494 2700 pulsus
517 2623 656 2684 necessit:
676 2641 710 2682 ac
733 2620 813 2684 tanti

137 2698 333 2784 indignatione
354 2698 371 2760 ‘a
391 2701 573 2764 Diocletiano
593 2699 731 2782 susceptus
748 2700 811 2774 est,

137 2799 168 2842 ut
190 2800 254 2842 ante
274 2802 433 2864 catpentum
451 2787 509 2861 ejus
528 2803 575 2862 pet
594 2785 703 2865 aliquot
722 2783 812 2844 millia

137 2859 261 2946 palluunt
276 2866 424 2924 cucuttetit
439 2883 601 2947 purpureus
617 2886 624 2922 t
642 2874 669 2925 dc
683 2861 749 2924 cdm
764 2866 821 2928 cix.
