2142 3664
244 321 314 381 260
376 310 774 380 AornVrcroa

242 434 292 490 nio
309 430 435 510 profecit.
455 429 533 489 Nam
545 428 719 490 AEmilianus
736 449 849 509 quoque
871 447 925 488 trec

243 509 351 570 menses
370 509 433 574 usus
450 508 576 569 modesto
595 512 733 590 imperio,
752 511 854 568 morbo
874 513 925 569 ab·

243 587 368 671 sumptus
385 589 444 659 est,
464 589 527 652 cum
539 591 667 650 Proceres
684 589 776 670 prImi)
793 587 923 660 hostem,

243 672 309 732 dein
327 669 465 730 exstinllis
485 669 690 750 superioribus,
716 691 765 748 pro
784 669 923 741 fortuni,

243 755 285 810 uti
302 751 392 820 solet,
414 750 572 834 Augustum
586 748 801 830 appellavissent.
815 752 855 810 At
869 753 925 808 mi-

242 833 326 903 lites,
342 835 392 911 qui
409 835 544 892 contracti
564 830 686 918 undique
703 832 778 911 apud
798 829 923 891 Rhaetias

244 913 282 981 ob
301 911 404 972 instans
421 913 526 971 bellum
544 913 745 982 morabantur,

286 991 430 1052 XXXII.
457 994 569 1054 Licinio
591 993 746 1052 Valeriano
769 991 924 1070 Imperium

244 1071 382 1134 deferunt.
402 1074 462 1150 Qui
475 1094 650 1154 quamquam
670 1093 769 1154 genere
787 1070 852 1132 satIs
868 1073 926 1131 cla-

224 1175 298 1224 ·ro,
317 1173 434 1224 tamen,
454 1173 495 1212 utr
515 1174 650 1214 mostum
666 1174 752 1212 enam
769 1173 848 1222 erat,
870 1173 927 1212 rnr-

244 1233 336 1293 litiam
358 1233 531 1314 sequebatur.
555 1234 624 1313 Ejus
648 1232 738 1292 filium
759 1233 924 1294 Gallienum
969 1255 971 1258 ·

244 1313 362 1374 Senatus
374 1311 515 1374 Caesarem
534 1334 630 1383 creat,
648 1313 739 1374 statim
761 1335 794 1372 ue
811 1314 926 1374 Tiberis

202 1409 204 1415 '
244 1392 341 1452 adulti
355 1393 444 1453 aestate
464 1395 562 1454 diluvii
580 1393 652 1455 facie
671 1335 828 1454 inuniavit.
849 1395 923 1454 Pru·

246 1471 341 1534 dentes
349 1473 534 1554 perniciosum
541 1476 712 1555 Reipublicae
723 1476 847 1534 cecinere
856 1475 926 1535 ado·

245 1552 372 1614 lescentis
391 1557 466 1616 fluxo
485 1557 623 1637 ingenio,
641 1557 709 1636 quia
725 1553 836 1614 Etrurii
851 1558 925 1614 acci·
985 1577 989 1582 ·

247 1655 290 1694 tus
307 1655 441 1707 venerat,
461 1637 535 1696 unde
552 1639 643 1696 amnis
662 1635 807 1716 predictus
822 1659 829 1692 ε
847 1636 925 1716 quod

247 1717 378 1797 equidem
398 1715 544 1776 confestim
564 1719 664 1776 evenit.
683 1717 761 1776 Nam
780 1715 847 1775 dum
867 1721 926 1794 ejus

216 1870 219 1877 s
246 1817 324 1876 patet
350 1797 454 1858 bellum
482 1815 529 1876 per
555 1795 797 1874 Mesopotamiam
825 1817 926 1877 anceps

248 1877 465 1957 diuturnumque
476 1875 600 1949 instruit,
613 1875 757 1938 Persarum
768 1877 867 1960 Regis,
880 1879 926 1938 cui

247 1977 354 2016 nomen
382 1957 470 2036 Sapor
493 1977 551 2016 erat
566 2005 578 2028 ,
607 1957 674 2017 dolo
701 1960 926 2030 circumventus,

249 2036 324 2098 foede
340 2037 460 2122 laniatus
472 2039 594 2110 interiit,
608 2039 717 2120 imperii
731 2060 807 2100 anno
825 2037 902 2098 sexto
913 2083 926 2109 ,

248 2137 328 2178 aetate
348 2116 510 2178 robustiore.

289 2198 454 2259 XXXIII.
486 2200 545 2260 Sub
570 2198 646 2260 idem
671 2218 779 2280 tempus
801 2200 927 2261 Licinius

250 2279 420 2350 Gallienus,
441 2277 505 2339 crim
525 2278 541 2340 ὲ
561 2279 658 2343 Gallia
677 2281 835 2342 Germanos
848 2279 925 2340 stre-

186 2378 188 2384 ’
249 2361 304 2418 nul
328 2379 450 2430 arceret,
471 2362 503 2432 vin
523 2361 667 2440 Illyricum
686 2381 835 2440 properans
857 2359 925 2420 des-

250 2440 351 2500 cendit.
366 2441 411 2498 Ibi
425 2440 584 2522 Ingebum,
598 2462 684 2520 quem
699 2441 927 2502 curantem'Pan-

94 2541 103 2548 ·
161 2511 183 2530 Ἰ
228 2541 230 2546 ·
249 2522 373 2590 nonius,
395 2519 537 2599 comperta
552 2521 698 2580 Valeriani
715 2521 814 2592 cl'ade,
834 2523 928 2601 impe·

250 2600 330 2660 randi
354 2621 388 2659 cu
407 2599 455 2658 ido
478 2597 639 2673 incesserat,
662 2603 776 2662 Mursiae
796 2601 925 2673 devicir3

251 2701 374 2762 moxque
388 2621 609 2761 liegallianum‚
629 2684 678 2764 qui
695 2685 810 2762 receptis
826 2683 928 2742 militi·

252 2761 325 2832 bus,
346 2781 418 2842 quos
427 2761 555 2822 Mursina
572 2763 649 2822 labes
665 2764 787 2843 reliquos
804 2761 929 2833 fecerat,

200 2845 208 2863 ‘
254 2841 359 2903 bellum
373 2841 568 2924 duplicaverat.
583 2843 640 2914 His
653 2841 782 2926 prospere
797 2863 831 2906 ac
847 2840 933 2924 supra
