2134 3668
324 305 506 374 lissa
543 305 616 372 IX.
746 319 823 394 107,

131 426 249 508 publicae
270 427 393 486 accessit.
414 426 524 486 Gallias
548 421 564 483 i
584 422 708 507 barbaris
729 445 817 485 occu-

133 527 212 589 patas
231 510 341 602 ingenti
363 508 519 587 praeliorum
535 504 668 566 felicitate
686 503 814 567 restituit.

133 588 285 666 Quosdam
315 590 465 668 imperium
501 585 630 666 usurpare
666 605 815 660 conatos,

123 669 239 730 scilicet
260 671 440 730 Saturninum
455 671 484 729 in
503 669 645 740 Oriente,
663 669 816 730 Proculum

134 761 162 813 &
184 750 329 812 Bonosum
352 751 538 834 Agrippina,
560 745 656 810 multis
680 753 814 811 certami-

135 833 220 893 nibus
238 833 382 912 oppressit.
406 833 514 890 Vineas
532 831 633 891 Gallos
656 840 683 892 &
703 831 818 894 Panno·

136 916 202 974 nios
225 911 328 972 habere
351 914 484 992 permisit.
507 910 601 992 Opere
621 911 737 972 militati
759 915 816 974 Al-

137 1015 219 1054 mam
233 1012 361 1052 montem
383 992 457 1073 apud
475 993 628 1064 Sirmium,
647 1002 674 1053 &
693 994 819 1058 Aureum

139 1075 361 1155 apud‘Moesiam
376 1071 546 1155 superiorem
560 1075 651 1134 vineis
665 1072 819 1148 conseruit,

140 1165 169 1217 &
189 1155 406 1237 provincialibus
425 1155 556 1228 colendas
571 1155 657 1216 dedit.
674 1155 733 1216 Hic
755 1155 819 1218 caim

139 1237 215 1298 bella
248 1239 393 1298 innumera
411 1233 574 1322 ¹gessisset,
599 1257 667 1318 pace
697 1237 794 1318 parati
809 1285 822 1312 ,

138 1318 230 1390 dixit,
246 1319 323 1380 brevi
335 1321 437 1378 milites
450 1315 607 1392 necessarios
618 1341 671 1380 nott
680 1319 793 1398 fitturos
807 1345 819 1380 .·

139 1402 183 1459 tir
199 1405 281 1472 acti,
301 1398 442 1472 strenuus,
461 1397 565 1480 justus,
585 1409 612 1460 &
630 1401 680 1482 qui
692 1401 822 1462 Aurelia-

62 1546 67 1552 ,
140 1501 210 1542 num
229 1499 349 1564 aequaret
391 1479 462 1540 lotii
481 1483 617 1551 militari,
637 1501 749 1542 morum
769 1503 821 1542 au·

141 1582 199 1622 tem
220 1563 353 1622 civilitate
369 1501 515 1642 superaret.
535 1560 699 1622 Interfeilus
717 1562 756 1622 est
776 1583 821 1624 ta-

139 1663 207 1705 men
230 1645 354 1715 Sirmii,
384 1643 506 1702 tumultu
532 1643 672 1714 militati,
695 1645 725 1703 in
754 1647 822 1704 turri
911 1688 913 1691 -

142 1724 251 1786 ferrati.
268 1725 420 1807 Imperavit
433 1742 524 1785 annos
540 1721 609 1795 sex,
624 1722 734 1786 menses
748 1747 821 1808 qua-

141 1825 213 1867 tuor.

182 1888 295 1948 XVIII.
313 1885 379 1948 Post
395 1886 468 1948 hunc
488 1885 580 1948 Carus
598 1884 638 1946 est
655 1885 745 1950 faeius
760 1887 821 1951 Au·

141 1968 260 2054 gustus,
286 1970 428 2031 Narbone:
455 1987 536 2028 natus
564 1969 594 2027 in
621 1967 740 2042 Gallim
771 1973 822 2054 qui

143 2049 290 2110 confestim
312 2051 451 2113 Carinum
472 2058 499 2110 &
519 2049 727 2110 Numerianum
748 2047 822 2112 lilios

139 2131 270 2210 Caesttres
288 2132 377 2204 fecit,
397 2151 462 2191 cum
479 2131 581 2211 quibus
599 2135 728 2212 regnavit
750 2131 823 2192 duo·

143 2213 198 2274 bus
226 2215 307 2274 annis
335 2235 342 2270 ε
372 2211 419 2272 sed
446 2211 515 2272 dum
545 2210 651 2270 bellum
678 2211 823 2277 adversim

144 2295 288 2356 Sarmatas
307 2297 406 2378 gerit,
434 2293 569 2352 nunciato
601 2289 746 2354 Persarum
773 2315 822 2356 tu-

143 2377 254 2448 multu,
275 2376 311 2438 ad
332 2376 478 2435 Orientem
502 2371 665 2453 professus,
684 2395 726 2436 res
748 2397 822 2438 con-

143 2477 187 2518 tta
204 2455 299 2518 Persas
312 2458 420 2518 nobiles
447 2457 520 2536 essit
541 2452 643 2536 :ipsos
661 2459 756 2538 praelio
776 2457 823 2520 su·

144 2539 188 2600 dit
209 2563 216 2597 ε
238 2537 358 2620 Cochen
382 2547 408 2600 δι
432 2477 650 2616 {tesiphontem
671 2539 753 2600 urbes
770 2557 831 2602 no··¹

144 2619 298 2682 bilsssim'a's
315 2623 412 2701 te'pit:
434 2627 461 2678 δι
480 2615 544 2676 crim
563 2616 651 2678 castra
673 2618 753 2702 supra
771 2621 825 2682 Ti-

146 2702 258 2798 gridem
276 2699 412 2773 haberet,
433 2701 491 2758 ieiu
511 2697 600 2758 divini
620 2699 746 2763 fulminis
769 2723 823 2784 pe-

145 2783 202 2843 nit.
215 2783 404 2844 Numerianus
415 2796 546 2862 quoque,
560 2778 633 2854 filius
645 2788 725 2863 ejus,
739 2804 825 2865 quem

144 2859 242 2928 'secum
255 2865 292 2928 ad
309 2864 404 2928 Persas
419 2861 557 2934 duxerat,
574 2860 734 3008 adolgscens
748 2883 827 2950 egre·

676 2965 704 3026 Vl
