2060 3662
213 248 258 312 80
392 231 698 311 Euraorrr

136 407 138 410 -
211 365 293 426 nium
316 362 422 444 gaudio
444 381 568 422 mortuus
590 359 679 421 estin
700 359 876 442 Campanial.

219 509 222 516 ¹
252 442 334 502 XII.
358 443 495 503 Successit
518 444 544 501 ei
571 442 660 504 Caius
684 439 809 514 Cacsar,
840 465 896 502 co·

213 543 372 608 gnomento
390 524 552 608 Caligula,
578 525 664 584 Drusi
685 525 809 610 privigni
828 525 896 584 Au-

214 604 310 692 gusti,
330 614 357 665 &
376 606 461 685 ipsius
478 605 588 664 Tiberii
606 625 693 686 nepos
711 629 719 663 t
736 603 896 664 sceleratis-

213 687 302 746 simus
321 707 354 746 ac
373 683 573 746 frmestissimus
590 710 596 742 :
613 695 639 745 δι
659 687 709 766 qui
730 689 818 746 etiam
835 687 896 745 Ti-

215 767 287 826 berii
310 766 446 828 dedecora
471 769 636 850 purgaverit.
668 767 778 826 Bellum
799 787 899 828 contra

217 849 377 909 Germanos
395 847 514 928 suscepit
528 871 538 920 3
555 857 582 908 δι
598 845 731 931 ingressus
745 849 899 920 Sueviarn,

217 929 291 990 nihil
305 927 412 992 llrenud
436 927 512 988 fecit.
539 930 640 1010 Stupra
658 927 798 989 sororibus
822 931 901 989 intu-

218 1012 275 1072 lit:
298 1033 331 1070 ex
350 1009 406 1072 uni
433 1013 520 1071 etiam
539 1029 636 1070 natam
659 1007 749 1070 filiam
769 1013 902 1093 agnovit.

219 1091 297 1154 Ctim
319 1090 466 1152 adverstim
485 1095 599 1151 cunctos
620 1093 731 1174 ingenti
753 1091 901 1162 avaritia,

218 1173 359 1245 libidine,
375 1171 536 1232 crudelitate
551 1171 680 1243 laevitet,
696 1171 857 1232 interfectus
872 1174 905 1232 in
932 1237 937 1246 ‚

219 1255 327 1335 palatio
347 1253 410 1324 est,
430 1275 506 1313 anno
521 1255 610 1314 artatis
628 1251 681 1314 suae
696 1275 791 1314 xxix.
808 1255 905 1335 impe-

221 1336 256 1394 rii
274 1337 377 1407 tertio,
398 1331 494 1394 mense
510 1333 645 1407 decimo,
667 1333 769 1416 dieque
786 1339 907 1396 octavo:

261 1415 361 1476 XIII.
385 1414 451 1475 Post
475 1414 549 1476 hunc
575 1415 713 1477 Claudius
737 1415 819 1489 fuit,
847 1439 905 1497 pa-

222 1518 296 1558 truus
320 1497 491 1581 Caligulae,
517 1498 630 1570 Drusi,
657 1500 707 1636 lili
731 1497 806 1580 apud
827 1499 905 1558 Mo·

222 1581 388 1664 guntiacum
417 1599 634 1639 monumentum
686 1580 774 1650 abet,
802 1577 904 1640 filius:

223 1667 301 1741 cujus
325 1661 505 1744 &Caligula
529 1682 616 1740 nepos
640 1679 706 1720 etat.
733 1661 792 1721 Hic
812 1661 908 1720 medid

223 1743 393 1822 imperavit3
419 1743 508 1801 multa
529 1763 628 1824 gerens
651 1742 801 1826 tranquille
822 1741 910 1822 atqu'e

223 1823 394 1894 moderate,
421 1823 551 1902 quaedam
577 1821 722 1884 crudeliter
745 1843 830 1904 atque
856 1825 908 1882 in-

224 1902 308 1965 sulsd.
339 1905 488 1964 Britanniae
522 1903 629 1964 bellum
657 1904 752 1964 intulit
775 1951 784 1976 ,
842 1925 910 1965 uam

223 1986 318 2048 nullus
337 1986 535 2046 Romanorum
558 1983 620 2064 post
641 1985 748 2044 Iulium
767 1926 912 2046 Caelatem

224 2071 279 2128 atti
301 2087 359 2128 erat
379 2091 386 2124 z
405 2064 493 2148 eique
510 2064 621 2128 devici&
639 2087 686 2146 pet
705 2067 762 2128 Cn.
781 2067 911 2126 Sentium

226 2159 256 2211 δι
280 2090 387 2229 Italum
413 2148 580 2220 Plautium,
611 2146 727 2206 illustres
753 2157 781 2208 ὃ(
801 2149 914 2208 nobiles

226 2233 303 2290 viros
315 2278 324 2303 ‚
338 2228 511 2310 triumphum
527 2229 663 2308 celebrem
678 2231 746 2314 egit.
762 2227 913 2308 Quasdam

225 2310 334 2372 insulas
353 2313 439 2370 etiam
461 2313 532 2372 ultra
547 2313 722 2372 Britanniam
744 2313 774 2370 in
792 2311 914 2370 Oceano

228 2394 364 2475 positas,
389 2391 523 2452 Romano
548 2395 668 2472 imperio
695 2391 829 2462 addidit,
851 2411 914 2472 quae

229 2475 406 2554 appellantur
421 2472 570 2544 Orcades3
591 2472 707 2555 filioque
730 2471 779 2533 suo
797 2474 913 2532 Britan-

228 2555 289 2615 nici
312 2575 418 2614 nomen
440 2552 583 2634 imposuit.
609 2553 687 2614 Tam
710 2555 800 2614 civilis
820 2571 916 2614 autem

229 2635 306 2712 circa
330 2633 470 2717 quosdam
492 2637 599 2696 amicos
621 2633 750 2709 exstitit,
778 2653 809 2695 ut
829 2637 918 2694 etiam

224 2715 395 2788 -Plautium,
413 2716 540 2776 nobilem
558 2717 669 2787 virum,
691 2719 740 2798 qui
756 2719 785 2777 in
803 2715 920 2796 expedi·

232 2800 309 2862 tione
338 2797 500 2861 Britannici
528 2799 617 2860 multa
649 2799 763 2883 egregit
789 2797 896 2861 fecerat
908 2818 943 2876 ,¹
