2060 3662
361 306 547 374 lintre
587 303 693 374 VII.
819 307 865 394 87

182 423 256 506 patri
276 422 322 484 vel
342 421 420 484 fratri
441 422 492 484 suo
516 447 523 480 ι
545 424 642 504 primis
665 440 761 483 tamen
783 424 864 504 annis

182 506 344 566 moderatus
368 508 398 566 in
418 506 536 585 imperio
558 503 636 574 suit3
658 524 728 563 mox
754 503 791 563 ad
815 505 864 564 iu-

204 589 280 648 entia
299 587 369 646 vitia
390 581 566 670 progielsus,
588 583 736 655 ltbtdmts,
760 586 868 644 iracun-

183 607 258 737 iix,
281 665 475 738 crudelitatis,
497 667 643 738 avaritiae,
665 685 774 724 tantum
792 667 823 726 in
839 664 867 724 se

183 749 245 808 odii
262 750 437 819 concitavit,
458 767 488 807 ut
503 749 602 806 merita
621 755 648 806 &
666 748 751 826 patris
768 756 795 806 &
813 745 868 806 fra-

183 832 232 890 tris
247 829 380 890 aboleret.
402 827 754 888 Interfecit'nobilissimos
769 849 801 886 ex
816 827 867 888 Se-

183 931 253 971 natu
272 933 279 967 :
299 910 459 970 Dominum
478 907 506 968 se
527 919 554 969 &
572 909 668 968 Deum
691 909 795 989 primus
815 929 866 988 ap·

184 993 285 1072 pellati'
296 993 375 1070 jussit
394 1013 400 1047 :
421 991 529 1049 nullam
549 990 602 1050 sibi
627 989 683 1048 nisi
705 1009 817 1048 auream
839 998 867 1049 δι

184 1091 347 1156 argenteam
368 1071 487 1130 stamarn
506 1073 535 1130 in
548 1069 697 1150 Capitolio
716 1072 784 1148 poni
803 1068 867 1150 pas-

185 1151 230 1214 sus
250 1151 289 1214 est
310 1151 521 1213 :consobrinos
543 1148 607 1210 suos
628 1148 793 1208 interfecit:
816 1148 866 1210 su-

185 1235 282 1316 perbia
300 1253 414 1315 quoque
430 1235 459 1292 in
477 1254 513 1292 eo
531 1229 706 1292 exsecrabilis
723 1230 785 1290 fuit.

226 1315 354 1376 XXIV&
378 1313 577 1395 Expeditiones
597 1331 717 1394 quatuor
741 1309 865 1372 habuit-t

185 1416 274 1456 unam
291 1394 440 1456 'advendm
456 1395 618 1466 Sarmatas,
639 1395 755 1454 alteram
774 1393 871 1456 advet-

185 1475 256 1537 sdm·
270 1476 372 1538 Cattos
394 1522 403 1548 ,
430 1475 499 1536 duas
522 1473 667 1536 advetsdm
687 1475 795 1535 Dacos.
822 1475 868 1536 De

6 1543 8 1547 Ι
90 1627 94 1630 ,
185 1559 274 1620 Dacis
285 1556 434 1698 Cattispue
446 1557 588 1636 duplicem
601 1553 775 1636 triumphum
789 1558 885 1636 egitt·

186 1639 222 1700 de
233 1641 367 1700 Sarmatis
395 1639 472 1698 olam
486 1637 610 1698 lauream
624 1634 774 1715 usurpavit.
793 1636 870 1696 Mul-

187 1738 230 1780 tas
248 1739 343 1780 tamen
363 1720 537 1780 calamitates
558 1715 658 1776 iisdem
680 1717 760 1776 bellis
780 1713 869 1795 pallus

187 1799 227 1860 est
241 1824 247 1858 :
263 1823 330 1861 nam
345 1803 377 1862 in
389 1798 529 1861 Sarmatis
547 1799 623 1881 legio
638 1803 695 1878 ejus
716 1818 779 1856 cum
800 1797 870 1858 duce
958 1823 967 1832 ·

185 1881 333 1944 intersedit
356 1907 366 1954 3
398 1891 425 1942 δε
454 1880 471 1941 ‘a
494 1881 582 1941 Dacis
612 1879 720 1960 Appius
748 1878 869 1948 Sabinus

186 1962 354 2026 Consularis
371 1961 564 2024 &Cornelius
582 1959 707 2032 Fuscus,
725 1959 868 2040 praesestus

186 2047 339 2126 practorio,
366 2065 431 2104 cum
453 2045 565 2127 magnis
591 2041 755 2101 exercitibus
782 2044 870 2101 occisi

185 2124 259 2186 sunt.
285 2127 385 2186 Romae
412 2145 525 2206 quoque
554 2123 643 2181 multa
669 2142 753 2200 opera
773 2119 868 2182 fecit:

185 2209 217 2267 in
231 2204 276 2266 his
289 2206 487 2286 Capitolium,
502 2213 530 2264 δι
543 2203 648 2260 Focum
662 2203 868 2273 transitotium,

187 2287 329 2358 Odeum,
353 2287 494 2346 Divomm
513 2284 638 2344 Porticus
656 2277 752 2342 Is'e'um
770 2303 802 2342 ac
819 2283 870 2344 Se-

186 2377 304 2449 rapeum
315 2415 327 2439 ,
340 2365 521 2428 &Stadium
537 2361 647 2424 Vertim
670 2361 734 2422 crim
755 2363 794 2424 ob
815 2362 871 2424 sce·

187 2450 245 2509 leta
266 2449 399 2510 universis
418 2445 517 2508 exosus
537 2442 590 2506 elle
610 2441 752 2524 coepilset,
778 2447 868 2505 intet-

188 2528 278 2592 fedius
296 2528 335 2590 est
353 2527 466 2590 suorum
481 2528 673 2607 conjuratione
691 2527 722 2585 in
739 2525 868 2606 palatio,

186 2633 265 2672 anno
281 2613 368 2671 aetatis
382 2610 598 2693 quadragesimo
612 2611 735 2689 quinto,
755 2608 868 2688 imperii

209 2691 427 2754 uinco-decimo.
456 2691 550 2752 Funus
579 2695 636 2769 ejus
664 2708 729 2748 cum
758 2689 869 2770 ingenti

187 2715 325 2834 dedecore
348 2792 396 2854 pet
420 2770 589 2852 vespillones
615 2787 815 2854 exportatum,
839 2777 869 2830 δι

188 2845 352 2940 ignobilitet
371 2849 410 2916 est
424 2851 573 2938 sepultum.
