2134 3668
234 261 297 327 ¹52
347 237 473 307 ΑΗΚ.
502 235 784 309 VICTORIS-

230 351 318 438 gn'am
336 358 362 414 ei
376 355 513 415 invidiam
534 359 725 427 conflaverat,
745 357 832 440 usque
851 381 885 419 eo
896 406 908 430 ‚

230 455 261 495 ut
278 438 362 496 armis
378 457 491 518 quoque
514 439 540 494 ei
556 441 615 496 vim
632 437 815 500 denuntiaret.
829 440 909 500 Tum

230 516 368 578 Ascanius
382 517 558 598 jurejurando
577 516 604 577 se
620 540 762 602 purgans,
783 519 847 580 etim
866 525 910 580 ni-

232 595 275 657 hil
300 597 374 678 apud
398 619 445 657 eos
470 597 636 678 proficeret,
664 599 749 680 petitis
774 599 911 662 dilatione

180 740 181 744 ,
232 678 518 760 adinquirendum,
549 681 619 739 iram
647 677 807 762 praesentem
832 683 880 742 vul
903 685 913 742 i

220 758 438 840 ¹aliquantulum
459 759 566 842 fregit3
587 759 783 842 pollicitusque
801 761 860 834 est,
882 705 914 824 le

234 841 395 923 ingentibus
410 843 529 922 praemiis
543 843 748 902 cumulaturum
765 864 850 914 eum,
865 847 916 925 qui

185 955 187 960 v
235 922 291 981 sibi
306 923 457 984 Lauiniam
474 919 660 1006 investiglffet
677 945 684 980 t
706 931 783 982 mox'
796 945 915 1005 recupe-

235 1021 326 1063 ratam
350 1024 414 1062 eum
436 1001 495 1062 filio
520 1005 551 1062 in
574 1005 673 1062 urbem
694 1005 847 1064 Lavinium
868 1026 916 1064 te-

237 1083 341 1156 duxit,
366 1085 518 1165 dilexitque
547 1081 654 1144 honore
683 1104 820 1146 materno.
846 1085 917 1162 Quae

236 1185 280 1225 res
306 1163 413 1246 rursum
442 1167 468 1223 ei
492 1185 630 1247 magnum
659 1161 785 1234 favorem
840 1169 919 1246 opuli

224 1245 426 1316 conciliavit,
446 1265 477 1306 ut
496 1241 619 1306 scribunt
640 1245 730 1308 Caius
753 1187 870 1317 Credit,
892 1257 920 1308 δι

238 1327 337 1387 Sextus
353 1327 461 1387 Gellius
478 1327 507 1386 in
524 1327 645 1412 Origine
686 1329 757 1388 entis
772 1327 918 1389 Romanae.

239 1409 279 1468 At
294 1405 361 1468 verb
380 1408 428 1466 alii
446 1407 582 1480 tradunt,
604 1349 762 1490 quolctim
781 1406 920 1468 Ascanius

240 1489 277 1548 ab
298 1486 426 1549 universo
445 1490 549 1570 populo
566 1489 603 1550 ad
620 1487 816 1549 restituendam
835 1491 919 1550 Lavi-

240 1571 318 1630 niam
340 1575 508 1653 cogeretur,
529 1576 685 1650 juraretque
706 1568 734 1629 se
759 1591 849 1651 neque
869 1573 917 1630 in-

240 1648 398 1723 teremisse,
414 1673 504 1732 neque
523 1651 591 1711 scite
608 1651 657 1709 ubi
674 1648 760 1722 effer,
775 1647 919 1732 Tyrrhum

241 1735 330 1812 petito
353 1733 463 1792 silentio
484 1734 514 1791 in
535 1731 584 1792 itta
601 1734 746 1792 concionis
764 1730 920 1812 frequentil

239 1809 392 1892 professum
413 1813 569 1884 indicium,
587 1815 610 1872 si
626 1813 700 1885 sibi,
717 1814 898 1894 Laviniaeque
908 1860 920 1883 ,

242 1887 383 1975 pueroque
412 1915 444 1952 ex
470 1892 503 1953 el
526 1912 593 1954 nato
622 1891 690 1952 fides
719 1894 922 1952 incolumitatis

244 1973 378 2046 daretu13
403 1993 517 2056 tumque
540 1997 604 2034 eum
625 1973 738 2056 accepti
756 1973 811 2034 fide
829 1975 920 2037 Lavi·-

243 2057 322 2116 niam
342 2059 371 2115 in
391 2057 488 2116 urbem
507 2077 571 2116 cum
590 2054 655 2116 lilio¹
667 2051 811 2114 reduxiffe.

285 2137 397 2197 XVII.
418 2137 484 2196 Post
502 2135 559 2197 haec
576 2137 712 2197 Ascanius
729 2137 875 2216 completis
892 2138 922 2195 in

244 2218 367 2277 Lavinio
392 2220 507 2301 triginta
531 2220 631 2289 annis,
661 2217 825 2277 recordatus¹
841 2238 949 2298 novae·

247 2299 321 2358 urbis
348 2299 500 2358 condendae
521 2317 629 2378 tempus
646 2295 783 2358 adveniffe
809 2319 842 2357 ex
865 2319 923 2356 nu-

247 2399 325 2437 mero
344 2399 513 2459 porcorum,
532 2400 603 2460 quos
618 2399 651 2460 pe
672 2399 758 2438 ererar
776 2376 819 2438 sus
837 2379 924 2449 alba,

246 2457 452 2539 circumspectis
476 2459 623 2542 diligenter
647 2401 774 2518 linitimis
794 2461 923 2540 regioni-

248 2539 317 2610 bus,
335 2538 488 2619 speculatus
502 2559 629 2600 montem
649 2540 772 2612 editum,
786 2541 837 2620 qui
850 2560 926 2599 nune

247 2621 285 2680 ab
305 2619 338 2680 el
355 2621 444 2692 urbe,
466 2642 527 2702 quae
547 2623 576 2682 in
599 2643 633 2680 eo
653 2621 767 2681 condita
783 2619 845 2691 est,
867 2619 925 2679 Al-

248 2703 337 2760 banus
357 2719 553 2779 nuncupatur,
581 2704 723 2762 civitatem
741 2703 901 2761 communit
916 2723 926 2770 ς

249 2803 368 2864 eamque
391 2802 425 2842 ex
447 2781 561 2854 formu,
587 2779 665 2864 qubd
690 2787 729 2843 ita
754 2785 784 2843 in
806 2782 928 2864 longum
