2134 3668
273 316 488 389 ‘rznrn
526 319 663 390 VIII.
774 343 816 412 93

137 433 270 496 milliario
289 436 326 496 ab
339 438 420 499 Urbe
443 458 504 496 x11.
523 440 588 498 vitae
606 460 683 499 anno
702 459 820 501 rxxrrr.

136 517 249 598 imperii
270 539 370 578 xxrrr.
399 539 484 600 atque
512 521 584 579 inter
610 521 702 581 Divos
720 523 822 582 relatus

138 595 198 668 est,
220 607 248 674 bc
268 598 371 659 meritb
392 598 574 661 consecratus.

178 678 232 738 IX.
253 679 321 740 Post
338 678 412 740 hunc
429 683 576 762 imperavit
593 681 638 741 M.
659 681 822 744 Antoninus

137 759 250 826 Verus,
276 759 352 822 haud
374 762 457 822 dubie
485 764 674 823 nobilissimus
686 787 696 836 3
718 767 821 844 quippe

138 837 203 900 crim
218 845 276 920 ejus
289 846 372 925 origo
386 863 499 922 paterna
513 843 530 902 *a
547 843 645 903 Numa
655 845 821 924 Pompilio,

137 941 268 982 materna
281 921 298 982 ‘a
311 924 456 984 Salentino
471 945 536 1008 rege
552 925 683 1005 penderet
696 949 702 982 :
717 934 745 985 &
756 947 822 986 curn

137 1023 176 1062 eo
195 1003 228 1064 L.
245 1003 360 1064 Annius
380 1006 541 1065 Antoninus
562 1005 652 1066 Verus
672 1030 678 1064 t
701 1025 822 1088 tuncque

139 1082 263 1164 primrlm
275 1084 407 1146 Romana
418 1085 588 1167 Respublica
599 1087 724 1157 duobus,
742 1109 823 1168 aequo

138 1169 200 1243 jure
221 1169 369 1248 imperium
392 1165 650 1228 administrantibus
672 1213 681 1238 ,
707 1171 821 1247 paruit:

141 1244 227 1318 crim,
246 1245 332 1330 usque
355 1248 391 1309 ad
407 1271 477 1320 eos,
499 1250 624 1332 singulos
643 1247 751 1330 semper
766 1248 822 1310 ha*-

142 1325 241 1388 buillet
258 1329 407 1413 Augustos.

143 1439 147 1446 ·
184 1409 222 1469 X.
240 1409 324 1472 Hi&
339 1433 437 1494 genere
460 1414 532 1472 inter
551 1408 580 1471 se
597 1413 740 1490 conjuncti
761 1411 824 1471 fue·

139 1509 230 1560 runt,
263 1501 292 1552 &
315 1493 450 1554 affinitate
472 1517 479 1550 ε
502 1513 570 1552 nam
596 1493 688 1552 Verus
714 1493 825 1554 Annius

142 1573 325 1644 Antoninus,
341 1575 385 1634 M.
407 1576 547 1634 Antonini
564 1571 652 1632 filiam
674 1575 703 1632 in
724 1578 825 1632 matri-

143 1655 275 1712 monium
303 1651 430 1724 habuit3
459 1655 504 1714 M.
537 1673 632 1713 autern
662 1653 825 1714 Antoninus

143 1752 231 1876 perier
250 1735 390 1796 Antonini
410 1736 455 1795 Pii
477 1733 532 1794 fuit
553 1755 601 1815 per
622 1755 737 1794 uxorem
758 1735 824 1796 Ga·

156 1817 242 1874 eriam
268 1814 427 1876 Faustinam
454 1819 594 1896 juniorem
625 1813 825 1878 consobrinam

139 1894 235 1957 suam.
249 1895 291 1957 Hi
303 1898 408 1958 bellum
420 1917 517 1958 contra
528 1894 645 1958 Parthos
659 1893 795 1980 gesserunt
814 1922 823 1956 ι

141 1980 196 2058 qui
219 1976 280 2058 post
302 1973 451 2040 vistbriam
473 1978 591 2058 Trajani
616 1977 677 2037 nint
703 1978 826 2058 primtlm

141 2059 353 2122 rebellaverant.
371 2061 462 2120 Verus
482 2061 643 2120 Antoninus
660 2059 696 2119 ad
716 2059 746 2118 id
764 2081 827 2140 pro-

145 2139 235 2200 fectus
255 2140 294 2200 est
313 2165 320 2202 r
339 2145 389 2224 qui
412 2139 594 2210 Antiochiae,
617 2149 645 2199 &
672 2141 744 2200 eirca
766 2145 825 2199 Ar·

141 2223 273 2296 moniam
295 2243 403 2305 agens,
425 2223 514 2284 multa
536 2239 584 2300 per
604 2219 709 2288 duces,
727 2229 754 2279 &
777 2223 826 2282 in-

139 2323 143 2332 ’
168 2303 244 2364 entia'
263 2306 382 2383 patravit
405 2326 412 2361 :
438 2303 616 2372 Seleuciam,
637 2296 750 2378 Allyriae
775 2323 825 2362 ur-

147 2323 214 2443 Eem
228 2383 458 2455 nobilissimam,
478 2405 541 2444 cum
559 2381 746 2465 quadraginta
761 2386 829 2444 mil·

139 2466 221 2528 libus
242 2463 391 2526 hominum
416 2467 490 2545 cepit
514 2460 702 2524 :Parthicum
728 2467 829 2524 trium·

140 2544 237 2628 phum
261 2551 385 2618 revexit3
404 2568 469 2606 cum
490 2544 573 2605 fratre
593 2545 751 2625 eodemque
776 2544 827 2604 so-

148 2649 214 2688 cero
237 2626 428 2708 triumphavit.
451 2627 535 2687 Obiit
552 2647 647 2686 tamen
673 2629 702 2686 in
725 2627 828 2685 Vene-

148 2707 212 2782 til,
234 2707 298 2770 crim
328 2707 345 2768 ὲ
371 2707 535 2770 Concordia
559 2708 680 2768 civitate·
699 2706 829 2766 Altinum

143 2788 385 2872 proficisceretur,
404 2800 431 2852 &
454 2811 517 2849 cum
542 2788 626 2849 ¹fratre
648 2789 677 2846 in
698 2783 830 2846 vehiculo

149 2871 269 2946 sederet,
284 2871 377 2935 subito
389 2871 524 2955 smrguine
537 2875 624 2941 ictus,
639 2865 704 2929 casu
719 2868 829 2940 morbi,
