2134 3668
245 333 311 400 ¹50
360 307 483 378 AUR.
513 309 793 378 VICTORIS

241 431 365 490 fluminis
380 427 420 488 sta
442 449 510 492 num
526 452 532 486 :
548 429 597 488 ubi
611 427 673 488 ctirn
691 429 825 488 acerrime
839 427 926 490 dimi-

241 509 367 582 carettu,
387 451 484 570 sustris
500 509 657 570 turbinibus
675 507 816 570 infuscato
836 519 923 582 a‘e'te,

241 592 352 672 tepente
370 592 442 652 coelo
457 610 568 652 tantum
587 591 721 651 imbrium
738 588 858 652 effusum
879 611 925 652 to-

241 672 368 733 nitrubus
387 674 476 754 etiam¹
495 670 649 733 consecutis
663 675 925 754 ,flammarumque

225 752 401 836 ·fulgotibus
416 751 478 825 ,ut
502 757 631 823 omnium
655 777 713 813 non
737 755 812 813 oculi
834 755 924 820 modi)

244 833 365 916 praesttin
387 854 515 906 crentur,
537 837 720 895 verumetiam
735 855 841 895 mentes
856 858 926 916 quo-

224 916 229 931 ‘
245 936 299 996 que
309 856 431 976 consusae
442 913 666 998 essent‚ctimque
677 915 819 976 universos
829 916 926 976 utrius·

265 1018 299 1059 ue
315 999 401 1080 partis
414 996 565 1056 dirimendi
582 999 676 1077 ptaelia
695 997 831 1077 cupiditas
845 997 924 1058 ines-

243 1017 309 1149 set,
328 1075 513 1140 nihilominus
529 1080 559 1138 in
577 1077 626 1138 illi
640 1077 810 1160 tempestatis
828 1076 925 1140 subitae

244 1159 411 1220 confusione
424 1163 526 1220 interce
548 1180 607 1218 tum
619 1159 766 1231 AEneam',
777 1158 925 1241 ,nusquam

246 1239 347 1300 deinde
371 1181 561 1322 comparuisse,
593 1238 726 1301 Traditur
749 1260 844 1300 autem
867 1264 926 1306 non

246 1319 382 1401 proviso,
429 1319 486 1383 urid
509 1325 680 1404 propinquus
702 1325 813 1382 flumini
836 1320 925 1394 esset,
964 1383 968 1392 ,

226 1399 307 1484 ¹tipai
323 1343 475 1484 depulsus,
496 1403 569 1463 forte
588 1407 618 1464 in
637 1405 754 1466 fluvium
772 1401 925 1474 decidisse,

166 1546 170 1552 ⁴
228 1557 231 1564 Δ
248 1501 331 1564 atque
356 1485 396 1544 ita
417 1483 541 1564 pralium
564 1485 732 1565 diremptum
752 1509 762 1556 3
783 1484 848 1544 dein
865 1484 928 1564 pQst

248 1566 349 1644 apertis
368 1563 528 1647 fugatisque
545 1567 666 1626 nubibus
686 1565 750 1626 etim
770 1564 865 1625 serena
883 1565 928 1628 fa-

248 1645 304 1706 cies
326 1641 490 1718 effulsisset,
517 1648 651 1710 creditum
675 1645 713 1705 est
739 1648 834 1706 vivum
862 1668 928 1713 eum

232 1727 331 1808 hecelo·
339 1725 527 1808 adsumptum.
546 1727 682 1810 Idemque
701 1747 797 1788 tamen
812 1725 874 1808 post
890 1729 928 1797 ab

247 1805 373 1868 Ascanio
392 1855 404 1878 ,
426 1817 453 1869 &
473 1808 643 1888 quibusdam
666 1810 727 1869 aliis
750 1807 824 1869 visus
847 1809 926 1870 affir-

248 1907 341 1970 matut
368 1886 447 1970 super
476 1889 595 1950 Numici
621 1893 738 1970 ripam,
768 1911 802 1948 eo
829 1886 929 1950 habitu

229 1967 391 2050 ‘armisque
405 2015 417 2039 ,
440 1970 541 2050 quibus
562 1974 590 2031 in
611 1973 734 2051 ptaelium
756 1967 928 2051 processerat.

249 2048 322 2128 Quae
342 2071 383 2110 res
403 2051 622 2113 immortalitatis
643 2055 700 2131 ejus
719 2049 828 2112 santam
853 2073 927 2112 con-

224 2128 380 2192 firmavit.
399 2131 496 2213 Itaque
512 2134 553 2191 ilii
570 2155 604 2192 eo
624 2134 689 2191 ioco
706 2134 842 2212 templum
859 2155 931 2194 con-

248 2209 408 2285 secratum,
427 2214 614 2296 appellarique
630 2215 735 2293 placuit
748 2213 858 2273 Patrem
875 2213 928 2273 ln-

251 2293 384 2376 digetem.
406 2295 482 2354 Dein
500 2293 572 2354 filius
593 2300 650 2375 ejus
669 2293 830 2366 Ascanius,
852 2293 931 2353 idem

273 2378 302 2432 ui
322 2374 467 2455 Euryleo,
488 2378 618 2436 omnium
636 2377 800 2439 Latinotum
821 2374 930 2456 judicio

252 2395 314 2516 iieu
333 2456 493 2534 appellatus.
819 2474 822 2479 ’

291 2535 365 2595 XV.
387 2538 477 2618 Igitur
501 2535 642 2598 summam
669 2539 779 2618 imperii
805 2538 929 2597 Latino-

251 2637 313 2676 rum
330 2617 443 2696 adeptus
460 2615 615 2691 Ascanius,
632 2618 695 2678 crim
712 2621 852 2679 continuis
866 2640 933 2696 prae-

252 2697 297 2758 liis'
316 2697 493 2758 Mezentium
511 2698 637 2781 persequi
657 2696 832 2774 instituisset,
858 2697 932 2759 filius

252 2785 309 2857 ejus
325 2779 432 2840 Lausus
449 2781 551 2840 coliem
571 2783 695 2840 Lavinia
714 2783 783 2840 arcis
802 2802 930 2859 occupa-

251 2862 301 2922 vit.
322 2859 453 2944 Ctimque
472 2863 501 2922 id
517 2862 652 2944 oppidum
672 2861 846 2922 circumfusis
858 2883 933 2926 ‚om-
