2060 3662
293 278 498 399 [Lmen
539 301 646 372 VII.
771 306 814 398 ὃς

137 419 338 502 Hierosolyma
363 467 372 492 ‚
398 441 459 502 quae
490 419 543 480 fuit
571 421 635 480 urbs
663 421 819 481 clarissima

136 500 296 562 Palaestinae.
316 499 479 573 Achaiam,
500 503 641 582 Lyciam,
661 500 819 573 Rhodum,

135 583 328 664 Byzantium,
346 585 485 654 Samum,
503 603 566 658 quae
578 583 670 644 liberae
685 603 748 642 ante
763 581 819 642 hoc

135 683 247 744 tempus
261 662 372 726 fuerant
385 667 395 734 3'
410 667 479 724 item
489 663 642 725 Thraciam
659 710 667 736 ‚
683 665 819 726 Ciliciam

75 811 78 818 ,
134 743 342 817 Thracheam,
360 746 604 828 Commagenen,
626 767 687 827 quae
708 745 758 806 sub
779 769 821 805 re-

158 825 222 886 ibus
255 829 354 888 amicis
386 847 523 910 egerant,
554 829 585 886 in
607 825 819 888 Provinciarum

136 847 265 968 immam
280 907 395 990 redegit.

179 985 253 1048 XX.
275 987 457 1048 Offensarum
478 997 505 1050 &
525 989 737 1050 inimicitiarum
759 992 820 1049 im-

137 1089 251 1128 memor
272 1069 325 1128 fuit
340 1093 347 1126 z
362 1071 491 1130 convicia
511 1068 528 1129 ὲ
549 1069 738 1132 causidicis&
757 1069 823 1151 phi-

137 1147 266 1231 losophis
291 1153 320 1211 in
344 1149 372 1210 se
394 1151 494 1224 dieta,
517 1151 616 1211 leniter
639 1153 726 1222 tulit,
751 1151 820 1212 dili-

163 1253 210 1292 ens
229 1251 326 1292 tamen
347 1234 484 1294 co'e'rcitor
508 1231 663 1314 disciplinae
683 1235 821 1294 militaris.

139 1251 201 1372 ilic
215 1333 277 1372 cum
292 1313 362 1372 Tito
377 1313 436 1374 filio
453 1313 488 1374 de
501 1312 709 1395 Hierosolymis
722 1317 823 1374 trium-

139 1391 248 1474 phavit.
277 1395 329 1454 Per
346 1393 403 1454 haec
418 1393 481 1454 crim
502 1397 617 1456 Senatui
643 1405 670 1456 &
687 1397 822 1476 Populo,

139 1473 283 1556 postremo
299 1479 405 1536 cunctis
423 1475 552 1537 amabilis
571 1499 603 1536 ac
622 1477 757 1556 jucundus
779 1477 824 1537 es-

139 1553 201 1627 set,
223 1558 361 1636 profluvio
377 1560 481 1624 ventris¹
500 1559 637 1618 extinctus
651 1555 689 1616 est
707 1561 736 1618 in
754 1557 822 1622 villei

140 1635 255 1718 proprilt
277 1650 289 1709 ,¹
317 1639 388 1698 circa
417 1639 568 1710 Sabinos,
600 1659 705 1698 annum
735 1641 823 1698 aetatis

140 1737 232 1800 agens
249 1717 453 1812 sexagesimum
480 1741 611 1790 nonum,
632 1721 742 1799 imperii
763 1741 821 1779 no-

139 1820 234 1869 num,
256 1808 283 1860 &
297 1800 372 1859 d1em
389 1799 540 1881 septimum
560 1825 567 1858 :
587 1821 670 1882 atque
686 1802 756 1860 inter
767 1801 825 1862 Di-

137 1901 194 1940 vos
211 1881 311 1942 relatus
327 1881 373 1940 est.
392 1881 560 1942 Genituram
575 1880 697 1942 filiorum
715 1881 755 1942 it‘a
772 1905 822 1942 co-

140 1963 254 2045 gnitam
281 1960 403 2032 habuit,
429 1981 483 2034 ut,
511 1963 574 2023 crim
604 1965 698 2024 multat
726 1984 825 2025 contra

141 2063 209 2102 eum
224 2046 429 2122 conjurationes
443 2043 562 2117 fierent,
581 2065 651 2126 quas
669 2044 824 2126 patefactas

139 2127 253 2208 ingenti
269 2125 492 2186 dissimulatione
512 2128 701 2206 contempsit,
721 2129 751 2187 in
772 2128 824 2188 Se-

136 2226 213 2267 *natu
243 2206 366 2279 dixerit,
398 2227 446 2266 aut
462 2209 541 2287 filios
565 2207 621 2266 sibi
639 2205 824 2283 ficcccffitros,

143 2306 194 2347 aut
213 2311 356 2348 nemmem.
632 2329 643 2367 p
738 2355 740 2362 ¹

186 2368 280 2428 XXI.
302 2369 379 2428 Huic
398 2369 481 2429 Titus
503 2365 575 2428 lilius
598 2367 750 2442 successit,
776 2374 825 2453 qui

144 2460 174 2511 &
188 2447 247 2530 ipse
258 2448 448 2531 Vespasianus
464 2447 502 2510 est
515 2450 605 2511 dictus
616 2497 626 2522 ,
639 2453 682 2510 vit
694 2455 825 2511 omnium

143 2534 280 2606 ¹virtutum
302 2553 402 2616 genere
424 2532 584 2604 mirabilis,
609 2528 681 2592 adel>
701 2551 731 2594 ut
751 2557 830 2592 amor

146 2610 176 2674 ft
201 2614 305 2673 delicies
328 2613 441 2674 hannani
462 2616 569 2694 generis
596 2614 731 2674 diceretur
751 2638 758 2671 :
776 2615 825 2674 fa-

146 2694 356 2766 cundissimus,
376 2696 623 2765 bellicosissimus,
645 2696 828 2773 moderatissi-

146 2797 211 2836 mus
227 2799 234 2832 ι
249 2773 345 2836 causas
363 2777 464 2836 Latine
484 2777 563 2918 egit3
584 2783 715 2856 poemata
734 2784 760 2835 δι
775 2795 829 2838 tra-

148 2857 259 2941 goedlas
271 2858 372 2922 Graece
387 2877 490 2940 compo
506 2860 555 2920 uit.
569 2857 603 2920 ln
617 2856 829 2941 oppugnatione
