2142 3664
276 317 339 370 ot
370 303 709 396 CAEs-Anraue.
762 319 826 389 245

152 418 235 501 plane
257 423 400 504 impiger,
426 442 484 501 quo
508 417 537 479 in
561 419 678 498 Quados
702 415 830 500 prospere
914 482 920 487 ,

153 501 252 583 gesto,
276 503 469 582 Septembrem
489 500 613 560 mensem
630 499 830 562 Commodum
871 504 878 519 ⁸

151 583 347 662 appellaverat.
365 583 477 641 Moenia
493 581 626 641 Romane
643 580 831 660 potentiam

150 662 262 745 digna,
284 662 398 722 lavandi
412 659 473 722 usui
491 661 616 722 instituit.
632 662 741 720 lmmiti
754 677 831 741 ptor-

150 741 195 802 sus
212 736 328 823 feroque
345 744 484 835 ingenio,
507 741 578 802 adeo
595 743 709 822 quidem
724 762 754 801 ut
768 744 832 825 gla-
909 766 911 769 ·

151 823 293 894 diatores,
315 820 405 902 specte
423 819 602 904 depugnandi
616 825 637 892 ,'
652 819 748 882 crebtb
767 842 829 882 tru·
909 822 911 827 ’

151 903 280 976 cidaret,
303 901 366 960 edm
387 899 444 981 ipse
467 901 569 961 ferrum
590 903 732 981 objedlum
751 924 832 962 vero·

151 984 235 1042 nibus
251 983 389 1062 plumbeis
402 1001 529 1042 uteretur.
547 982 679 1063 Cquue
694 1000 728 1042 eo
743 983 831 1042 modo

152 1064 243 1143 plures
266 1059 449 1132 confecisset,
476 1061 548 1135 forte
570 1083 635 1122 eum
657 1061 751 1124 Scaeva
772 1081 829 1122 no-

151 1145 251 1213 mine,
270 1141 387 1202 audacia
403 1165 435 1202 ac
448 1145 551 1202 robore
564 1145 686 1224 corporis
700 1165 831 1225 pugnan-

152 1224 236 1304 dique
258 1240 321 1284 arte
338 1223 505 1303 pervidens,
530 1225 567 1283 ab
588 1223 680 1285 studio
702 1226 752 1284 tali
775 1225 829 1283 de—

151 1305 269 1375 terruit,
286 1306 335 1386 qui
350 1303 439 1382 spreto
459 1305 556 1387 gladio
571 1351 580 1376 ,
602 1327 687 1388 quem
702 1303 830 1366 inutilem

152 1379 302 1456 comebat,
319 1383 441 1444 sufficere
457 1388 565 1467 utrique
585 1388 645 1458 ait,
666 1407 723 1467 quo
741 1407 832 1447 arma·
932 1451 933 1454 ,

152 1466 233 1526 batur
247 1464 313 1546 ipse.
328 1466 373 1524 Eo
388 1485 485 1536 metu,
501 1487 536 1524 ne
549 1468 620 1526 inter
634 1488 687 1524 con
722 1465 831 1540 ellum,
877 1495 879 1500 ·

152 1545 310 1616 uti·solet,
336 1565 445 1608 extorto
471 1547 594 1627 pugione
622 1489 830 1618 consideretur,

153 1625 279 1685 Scaevam
303 1627 446 1695 removit,
469 1644 553 1705 atque
574 1625 611 1684 a‘d
631 1627 702 1686 alios
725 1625 830 1686 formi-

155 1703 300 1774 dolosior,
318 1707 346 1763 in
357 1704 428 1764 feras
443 1703 602 1786 belluasque
614 1704 748 1765 ferociam
766 1729 833 1768 con·

153 1789 247 1844 vertit.
275 1783 347 1862 Quis
371 1786 452 1844 rebus
473 1783 537 1845 edm
560 1783 748 1846 insatiabilem
766 1787 832 1848 san-

80 1883 84 1889 '
154 1869 246 1948 guinis
276 1869 368 1926 cuncti
394 1863 584 1926 horrescerent
608 1913 616 1938 ,
651 1870 832 1948 conjuravere

155 1951 241 2028 (ne)
261 1949 290 2006 in
310 1967 374 2006 eum
396 1948 521 2006 maxime
544 1945 708 2027 proximus,
727 1953 794 2030 quip
815 1971 831 2008 e

154 2027 342 2087 dominationi
355 2024 431 2086 adeb
449 2022 519 2087 fidus
539 2049 646 2098 nemo,
664 2031 771 2109 ipsique
786 1972 831 2089 ll—

154 2110 275 2175 tellites‚
294 2106 361 2166 dum
378 2105 510 2166 incestam
524 2113 648 2166 mentem
661 2129 831 2190 pravamque

153 2207 273 2268 putant,
286 2196 311 2246 δι
327 2186 525 2246 Commodum
537 2187 651 2268 quidem
670 2187 761 2268 primb
775 2212 830 2249 oc-

154 2270 281 2328 cultatius
291 2287 401 2326 veneno
412 2269 554 2347 petivere,
572 2289 646 2327 anno
659 2289 687 2326 re
710 2272 739 2328 ni
749 2274 831 2330 tertio

155 2347 213 2408 fere
230 2367 313 2429 atque
332 2347 451 2407 decimo.
471 2347 561 2426 Cujus
578 2351 619 2408 vis
637 2347 682 2408 fru
719 2369 764 2411 ata
781 2371 831 2432 per
854 2405 857 2410 .

154 2431 269 2499 cibum,
288 2450 346 2509 quo
364 2426 393 2487 se
412 2427 476 2488 casu
493 2430 644 2508 repleverat
664 2453 674 2500 3
694 2430 757 2490 edm
781 2451 829 2490 ta-

154 2529 220 2568 men
234 2509 290 2568 alvi
303 2508 430 2568 dolorem
445 2507 629 2581 caussaretur,
642 2513 755 2570 austore
769 2533 830 2570 me-

154 2590 237 2660 dico,
254 2591 376 2667 principe
390 2588 540 2659 sallionis,
556 2595 585 2650 in
603 2589 755 2671 palestram
769 2612 831 2671 per-

153 2672 231 2729 texit.
252 2667 297 2728 lbi
320 2688 367 2747 pet
393 2668 549 2729 ministrum
575 2671 717 2752 unguendi
740 2675 830 2750 [narn

154 2750 227 2809 sorte
244 2753 267 2809 is
285 2767 398 2828 quoque
410 2749 425 2807 ὲ
437 2751 562 2809 consilio,
574 2769 633 2808 erat
645 2752 656 2826 ]
680 2750 806 2811 saucibus
816 2797 829 2822 ,

154 2833 233 2912 quasi
256 2845 316 2896 arte
341 2831 498 2902 exercitii,
530 2828 730 2969 bracchqqrum
753 2831 831 2892 nodo

678 2932 709 2990 ¹11
