2060 3662
306 288 486 368 Lissa
533 286 604 356 VL
744 293 783 377 65
851 339 854 342 .
939 234 943 240 ⁵

115 405 239 466 civitates
249 405 334 464 Ponti
347 407 551 475 nobilissimas,
565 406 652 485 cepit:
667 402 790 466 secundo
870 443 872 450 ι

112 487 208 565 praelio
224 487 299 566 apud
313 485 420 548 Cabira
430 488 572 548 civitatem
584 531 593 556 ,
605 484 664 567 quo
683 488 788 570 ingen-

113 584 154 626 tes
176 569 271 646 copias
293 589 326 626 ex
344 571 426 626 omni
450 589 538 650 regno
558 565 710 626 adduxerat
728 568 790 638 Mi-

51 693 54 695 -
113 643 268 720 thridates,
299 647 361 708 etim
386 650 500 726 triginta
526 650 615 707 millia
640 649 790 716 leuissima

111 730 186 810 regis
199 727 215 787 ὲ
228 732 353 810 quinque
372 725 496 789 millibus
510 730 706 788 Romanorum
720 727 788 790 vas-

112 827 171 868 tata
198 803 301 881 essent,
323 807 502 870 Mithridates
530 807 642 892 fugatus
674 808 731 879 est,
762 820 790 870 δε

111 889 200 950 castra
222 895 280 968 ejus
306 889 421 969 direpta.
445 891 579 950 Armenia
598 912 710 970 quoque
733 891 791 954 Mi.

111 992 183 1040 nor,
210 991 298 1052 quam
321 990 464 1042 tenuerat,
488 971 579 1029 eidem
606 971 714 1030 sublata
741 969 789 1032 est.

112 1049 262 1148 Suscegtus
284 1070 379 1110 tamen
402 1047 441 1110 est
460 1050 641 1112 Mithridates
663 1050 723 1131 post
739 1051 789 1110 fu-

112 1152 182 1224 gam
203 1153 219 1190 a
239 1131 363 1214 Tigrane
381 1133 522 1192 Armenias
541 1153 606 1215 rege
627 1155 634 1187 :
681 1133 708 1190 ui
730 1129 790 1192 tdm

111 1215 223 1295 mgenri
244 1213 334 1296 glori&
353 1214 533 1292 imperabat,
551 1211 647 1272 Persas
659 1154 733 1292 laps
751 1215 791 1272 vi·

113 1312 202 1364 cerat,
216 1293 676 1432 Mesogotamiamoccupaverat,
689 1303 716 1354 &
729 1294 788 1375 Sy-

113 1375 203 1444 riam,
227 1384 255 1436 &
276 1376 298 1434 P
320 1378 423 1446 oenices
441 1395 557 1457 partem.

153 1455 209 1514 IX.
222 1457 301 1538 Ergo
320 1457 450 1516 Lucullus
472 1477 596 1529 repetens
621 1453 729 1514 hostem
748 1435 791 1516 fuss

112 1555 231 1618 gutum,
254 1539 339 1596 etiam
356 1558 474 1620 regnum
489 1537 642 1618 Tigranis,
664 1539 714 1618 qui
732 1542 790 1598 Ar-

111 1619 212 1676 meniis
235 1617 409 1696 imperabat,
429 1616 561 1698 ingreslus
581 1615 627 1676 est.
644 1616 790 1699 Tigrano-

112 1717 208 1768 certa,
232 1699 374 1762 civitatem
396 1699 536 1757 Armenia
558 1698 789 1770 nobilissimam,

112 1780 213 1858 cepit:
233 1780 323 1856 ipsum
346 1799 461 1860 regem,
482 1801 545 1838 cum
570 1777 704 1838 sexcentis
722 1779 790 1854 milf

110 1859 184 1918 libus
211 1859 448 1932 clibanariorum,
470 1869 497 1920 dc
525 1881 637 1920 centurn
663 1859 789 1924 millibus

110 1937 320 2021 sagittariorum
346 1951 373 2002 δι
405 1961 576 2002 armatorum
608 1943 789 2013 venientem,

110 2019 332 2099 septem-decim
353 2023 443 2084 millia
463 2023 586 2082 militum
603 2020 730 2094 habens,
748 2025 789 2082 itu

110 2103 197 2174 vicit,
216 2123 246 2162 ut
264 2124 398 2186 magnam
411 2123 518 2184 partem
526 2105 727 2163 Armeniorum
743 2103 789 2162 de-

110 2181 216 2242 leverit.
240 2183 308 2243 Inde
327 2184 443 2244 Nisibin
462 2182 620 2262 profedus,
633 2205 696 2242 eam
715 2205 789 2263 quo-

111 2283 166 2343 que
178 2265 321 2324 civitatem
333 2286 397 2324 cum
405 2265 477 2345 regis
485 2263 568 2323 fratre
578 2265 658 2342 cepit.
669 2263 723 2324 Sed
738 2261 787 2336 hi,

110 2365 184 2424 quos
215 2346 244 2404 in
267 2345 360 2404 Ponto
386 2345 518 2404 Lucullus
547 2345 694 2424 reliquerat
724 2367 789 2404 curn

110 2423 245 2485 exercitlls
269 2445 366 2506 parte,
392 2445 423 2486 ut
443 2427 572 2508 regiones
591 2428 679 2486 vistas
701 2429 788 2486 etiarn
832 2465 834 2472 ι

110 2497 308 2566 Romanorum
331 2526 487 2578 tuerentur,
512 2507 687 2588 negligenter
707 2506 735 2568 se
761 2517 788 2566 &

109 2587 195 2646 avare
219 2605 353 2669 agentes,
386 2590 564 2648 occasionem
594 2589 693 2647 iterum
720 2589 786 2646 Mi·

110 2665 228 2728 thridati
248 2670 278 2728 in
298 2669 420 2728 Pontum
436 2667 607 2748 irrumpendi
628 2667 785 2728 dederunt:

109 2769 195 2831 atque
218 2752 257 2810 ita
280 2749 386 2810 bellum
407 2767 572 2810 renovatum
597 2747 642 2808 est.
667 2749 786 2808 lucullo

110 2832 238 2911 paranti,
255 2827 337 2910 capttl
355 2832 392 2889 N·
409 2832 465 2901 ibi,
486 2850 581 2890 contra
597 2827 692 2892 Persas
708 2849 788 2910 expe:

111 2910 270 2983 ditionem,
294 2852 427 2972 successr
445 2907 484 2972 est
500 2907 602 2972 missus.
