2134 3668
255 291 299 378 9⁸
425 285 742 384 Evrnorrr

294 403 392 470 XIX.
418 406 535 468 Severus
560 425 655 466 autem
683 425 780 486 praeter
804 404 942 474 bellicam

255 491 376 575 gloriam
388 533 398 560 ,
412 490 498 548 etiarn
506 487 642 555 civilibus
654 485 750 547 studiis
765 485 853 548 clarus
864 486 941 559 fuit,

255 581 282 634 δι
294 571 392 632 litteris
401 569 518 642 donus,
536 565 727 648 Philosophiae
738 565 886 630 scientiam
902 568 944 630 ad

274 653 370 712 lenum
399 649 469 732 adep
516 696 523 712 .
551 650 749 732 Novissimum
776 650 884 710 bellum
908 652 941 711 in

254 673 400 794 Eritannii
421 729 477 792 hab
509 751 520 791 t
541 750 653 814 :utque
675 749 798 812 receptas
814 733 942 811 ,provin-

256 815 313 874 cias
329 814 411 874 omni
429 811 574 874 securitate
596 814 743 882 munitet,
762 811 869 872 vallum
893 833 942 893 per

256 896 372 979 triginta
396 893 453 957 duo
476 894 568 954 millia
597 890 723 974 passuum
753 890 769 952 ‘a
800 895 872 952 mati
903 895 940 954 ad

256 997 333 1038 mare
351 975 474 1038 deduxit.
491 975 622 1036 Decessit
638 975 762 1036 Eboraci
781 973 940 1034 admodum

166 1097 170 1102 ·
255 1057 364 1130 senen,
386 1053 497 1138 imperii
517 1078 592 1118 anno
615 1077 686 1116 xvr.
719 1053 813 1116 mense
833 1059 916 1117 tertio
927 1079 938 1127 ς

259 1149 287 1202 &
307 1139 399 1200 Divus
419 1139 574 1220 appellatus
598 1135 655 1198 est:
676 1158 744 1198 narn
768 1134 843 1196 filios
868 1137 940 1199 dues

258 1217 422 1282 successores
449 1220 590 1300 reliquit,
620 1219 786 1286 Bassianum
815 1226 843 1278 &
875 1218 939 1280 Ge-

257 1322 317 1364 tam
343 1326 349 1359 :
379 1300 427 1368 sed
454 1301 589 1362 Bassiano
621 1300 761 1360 Antonini
790 1319 896 1360 nomen
924 1298 942 1362 ὲ

258 1385 364 1445 Senatu
393 1381 485 1442 voluit
510 1383 647 1462 imponi:
668 1383 763 1462 itaque
788 1379 879 1443 dietus
903 1377 944 1440 est

257 1465 303 1526 Μ.
324 1463 454 1530 Aurelius
474 1463 636 1524 Antoninus
657 1461 804 1526 Bassianus
815 1484 825 1532 3
850 1464 946 1540 patrif

259 1567 314 1628 que
341 1541 479 1608 successit.
504 1543 584 1608 Nam
607 1543 682 1604 Geta
704 1539 792 1602 hostis
816 1541 946 1623 publicus

259 1625 398 1711 judicatus
410 1622 588 1700 ,Acnnfestim
608 1625 698 1704 periit.

302 1707 370 1780 XX.
389 1707 506 1776 Marcus
530 1707 615 1788 igitur
633 1703 763 1774 Aurelius
782 1702 947 1769 Antoninus

176 1807 179 1816 ’
260 1789 434 1860 Bassianus,
463 1787 539 1850 idem
561 1807 595 1846 ue
624 1785 801 1856 Caracalla,
832 1806 946 1848 morunt

262 1868 321 1932 fere
342 1889 523 1951 paternorum
541 1809 619 1938 iuit3
644 1865 729 1948 paulis
750 1865 895 1946 asperior,
919 1877 947 1939 ες

262 1954 370 2022 minax.
389 1951 470 2031 Opus
491 1949 591 2022 Rotnae
611 1947 843 2033 egregium»fecir
861 1949 971 2010 lavas*

263 2033 325 2106 cri,
347 2051 412 2114 quae,
429 2031 632 2092 Antoninianae
654 2030 829 2112 appellantur
840 2027 950 2100 enihil

263 2134 394 2198 praterea
413 2112 607 2174 memorabile.
626 2111 781 2192 Impatiens
799 2109 951 2183 lrbrdm1s3-

267 2198 361 2280 utqui
375 2216 527 2258 novercam
542 2192 622 2254 suam
642 2193 747 2254 Juliam
766 2211 882 2254 uxorem
899 2193 951 2255 du·

266 2281 346 2348 gerit.
357 2275 514 2338 Defirnllus
526 2274 565 2336 est
575 2277 606 2335 in
615 2272 764 2336 OsdroEne
776 2273 851 2353 apud
862 2272 953 2336 Edes-

267 2358 328 2422 sam
340 2404 349 2432 ,
368 2359 488 2418 moliens
499 2355 644 2420 adverstim
655 2351 773 2433 Parthos
791 2354 952 2434 expeditio·-

268 2462 354 2512 nem,
368 2461 445 2500 anno
459 2440 570 2518 imperii
583 2435 661 2501 sexto
672 2483 682 2512 ‚
695 2433 791 2496 mense
809 2432 950 2509 secundo,

267 2523 317 2584 vix
334 2517 452 2604 egressus
468 2521 557 2580 aetatis
578 2518 821 2604 ¹uadtagesirnum
835 2520 950 2580 tertium

269 2623 378 2678 armum
399 2600 522 2660 :funere
543 2541 657 2680 puilicn
679 2601 767 2660 elatus
788 2596 835 2658 est.

195 2733 196 2737 ,
312 2681 409 2744 XXI.
438 2683 551 2763 Opilius
575 2681 676 2744 deinde
701 2681 873 2751 Macrinus,
920 2682 952 2740 ui

269 2763 414 2850 praefectus
431 2765 559 2844 praerorio
578 2782 656 2836 erat,
673 2783 738 2822 cunr
756 2759 816 2822 filio
835 2701 951 2822 Diariu·

274 2867 359 2910 meno
382 2843 452 2908 latri
479 2845 684 2931 Imperatores,
707 2839 780 2904 nihil
801 2861 950 2904 memora-
