2134 3668
227 329 361 398 omno
382 329 544 398 Gsnrrs
561 331 671 398 Rotr.
727 351 792 418 139

111 443 129 506 d
140 447 215 506 siluis
226 493 234 518 ,
247 448 350 508 Inuum
362 449 444 508 deum
455 448 589 530 tquidam
600 449 687 508 etiam
700 446 776 506 Pana
783 491 794 518 ,

112 527 158 587 vel
174 527 232 588 Pan
251 526 303 588 esse
319 530 455 590 dixerunt.

154 607 193 666 V.
215 609 304 692 Igitur
325 630 459 694 regnante
476 610 598 680 Fauno,
621 627 686 669 ante
705 629 794 668 annos

113 689 222 748 circiter
243 687 412 772 sexaginta,
434 689 520 774 quim
548 688 657 750 AEneas
680 693 710 748 in
731 689 793 750 Ita-

113 770 183 828 liam
207 769 381 842 deferretur,
403 772 533 832 Evander
556 773 644 830 Arcas
672 766 794 830 Mercu-

112 851 149 910 rii
177 861 204 912 δι
229 850 391 912 Carmentis
418 850 560 932 Nymphae
585 850 682 922 filius,
710 852 795 912 simul

113 951 179 990 curn
207 951 297 990 matre
322 930 421 991 ebdem
444 935 543 1002 venit,
565 953 651 1012 quam
678 930 796 1012 quidam

111 1015 260 1072 memoriae
275 1012 461 1093 prodiderunt
478 1059 489 1082 ‚
507 1011 601 1093 primi)
618 1009 796 1072 Nicostraten

115 1092 246 1162 dictam,
262 1091 324 1174 post
336 1093 534 1164 Carmentim,
552 1093 586 1151 de
600 1092 768 1150 carminibus
784 1138 795 1162 ,

114 1193 151 1231 eo
171 1171 249 1254 qubd
267 1173 397 1234 videlicet
416 1177 547 1234 omnium
568 1174 722 1232 litterarum
742 1193 795 1310 pe-

113 1255 270 1324 ritissima,
288 1253 499 1336 futurorumque
515 1255 656 1334 prudens,
672 1255 744 1312 versi
765 1274 798 1314 us

115 1355 215 1394 canere
234 1337 271 1396 sit
290 1335 373 1396 solita
388 1360 394 1393 ι
409 1333 481 1396 adeb
501 1355 530 1395 ut
550 1337 673 1420 plerique
687 1334 797 1406 velint,

115 1435 174 1476 non
198 1436 258 1476 tam
280 1415 370 1498 ipsam
398 1419 415 1476 a
437 1420 559 1476 carmine
582 1415 795 1486 Carmentam3

116 1495 201 1576 quim
221 1501 367 1567 carmina,
383 1495 400 1556 *a
416 1497 472 1578 qud
487 1497 561 1556 dista
580 1494 683 1566 essent,
701 1496 797 1575 appel-

115 1577 181 1637 lata.
194 1577 286 1656 Hujus
298 1577 445 1637 admonitu
459 1576 628 1636 transvesius
644 1580 673 1635 in
685 1576 797 1635 ltaliam

116 1657 249 1717 Evander
261 1703 272 1727 ,
288 1659 326 1717 ob
337 1658 507 1738 singularem
519 1657 703 1716 eruditionem
714 1674 798 1735 atque

116 1735 264 1798 scientiam
282 1739 438 1797 litteratum
450 1782 460 1807 ,
473 1737 552 1796 brevi
562 1755 688 1818 ternpore
707 1738 737 1794 in
753 1734 798 1794 fa·

116 1819 309 1878 miliaritatem
322 1819 410 1877 Fauni
428 1815 456 1876 se
472 1820 645 1887 insinuavit3
660 1835 743 1898 atque
761 1815 798 1876 ab

115 1919 152 1957 eo
174 1895 348 1979 hospitaliter
369 1899 548 1982 benigneque
567 1915 719 1978 exceptus,
739 1917 799 1958 non

117 2000 237 2060 parvum
258 1983 318 2064 agri
333 1980 452 2040 modum
472 1979 507 2039 ad
522 1977 703 2040 incolendum
722 1997 800 2036 acce-

118 2063 180 2140 pit,
199 2082 284 2142 quem
310 2059 365 2121 suis
386 2063 536 2121 comitibus
559 2058 718 2130 distribuit,
744 2077 797 2116 ex-

118 2139 260 2202 zdificatis
286 2141 438 2201 domiciliis
463 2145 493 2200 in
519 2163 554 2200 eo
573 2158 691 2208 monte,
713 2159 799 2218 quem

118 2221 214 2302 primi)
225 2241 285 2280 tum
297 2223 339 2282 illi
352 2221 368 2280 ‘a
378 2222 503 2281 Pallante
514 2221 689 2280 Pallanteum
699 2263 708 2287 ,
723 2216 800 2297 post-

120 2299 154 2360 εὶ
174 2324 225 2362 nos
236 2302 376 2362 Palatium
393 2303 513 2364 diximus
525 2326 531 2358 t
542 2301 641 2380 lbique
652 2299 722 2357 Pani
733 2299 799 2358 Deo

120 2383 218 2446 sanum
237 2381 398 2443 dedicavit:
438 2385 520 2464 uippe
536 2383 559 2440 is
579 2379 725 2440 familiaris
739 2379 799 2438 Ar-

120 2463 206 2524 cadiae
225 2464 302 2526 Deus
319 2463 381 2537 est,
399 2484 425 2524 te
450 2485 465 2522 e
483 2467 568 2524 etiarn
585 2463 728 2530 Marone,
751 2462 802 2542 qui

119 2563 180 2604 art:
707 2598 709 2603 .

162 2633 789 2714 PanDeusArcadiaecaptamtcLunafiftllit·

121 2739 161 2802 Et
181 2741 271 2800 item:

162 2845 226 2908 Part
235 2827 318 2910 itiam
327 2845 451 2910 Arcadici
463 2868 563 2909 mecum
578 2847 605 2906 si
609 2845 701 2925 judice
712 2859 802 2904 ctrttc.
