2142 3664
255 322 320 374 uu
351 276 686 375 CAEsAnratrt.
740 325 804 396 225

133 423 258 488 sotorum
272 423 365 507 stupro
379 447 411 486 ac
426 425 613 485 matrimoniis
627 423 745 484 illudens
758 429 814 485 no-

99 510 101 515 ’
133 509 234 568 bilibus
263 509 390 568 Deorum
420 504 519 567 habitu
545 507 724 582 incedebat,
748 505 814 574 erim

133 590 233 650 Jovern
255 587 283 649 se
308 589 346 648 ob
367 586 528 659 incestum,
549 609 583 647 ex
605 585 693 647 choro
718 607 814 648 autem

84 695 86 698 ·
133 669 302 730 Bacchanali
316 670 449 730 Liberum
466 667 494 728 se
507 665 638 729 assereret.
650 669 751 750 Neque
769 667 814 728 se-

133 749 178 812 ctis
208 753 359 810 contractis
383 751 419 809 ad
440 771 529 809 unum
557 751 740 830 legionibus,
764 749 814 831 spe

132 836 163 892 in
194 833 380 892 Germaniam
407 829 654 914 transgrediendi,
691 829 814 892 conchas

133 911 340 993 umbiiiposque
369 913 399 970 in
429 933 478 970 ora
508 915 592 972 maris
617 911 741 972 Oceani
757 913 816 996 legi

133 995 220 1074 jussit.
243 993 321 1053 Cum
346 990 404 1070 ipse
423 1014 496 1052 nunc
516 995 592 1052 fluxo
614 993 689 1052 cultu
710 994 814 1052 Vene-

134 1077 233 1155 rioque
253 1071 389 1133 interesset
407 1095 417 1144 3
444 1095 518 1134 nunc
541 1093 663 1133 armatus
685 1071 775 1154 spolia
797 1073 815 1134 ὲ

135 1153 163 1214 se
186 1177 244 1214 non
263 1177 296 1214 ex
313 1153 497 1225 hominibus,
516 1154 563 1214 sed
579 1153 732 1215 coelestium
752 1159 816 1238 capi
844 1163 847 1167 ’

135 1236 296 1307 dictitaret,
319 1235 422 1297 scilicet
443 1235 521 1318 qubd
543 1234 705 1316 hujusmodi
728 1235 817 1316 pisces

136 1317 299 1378 Graecorum
315 1318 414 1388 dieto,
433 1319 496 1399 quis
512 1318 634 1402 augendi
647 1320 745 1378 omnia
758 1317 817 1378 stu-

135 1398 213 1458 dium
235 1397 293 1471 est,
311 1397 510 1480 Nympharum
529 1401 638 1460 lumina
660 1396 816 1480 accepisset.

135 1479 190 1540 His
219 1481 305 1540 elatus
326 1481 476 1540 dominum
501 1480 581 1549 dici,
601 1499 684 1562 atque
706 1483 818 1564 insigne

135 1565 215 1643 regni
233 1563 318 1642 capiti
334 1565 443 1620 nestere
464 1579 627 1620 tentaverat.
648 1561 714 1638 Qub
735 1561 818 1624 caus&

136 1646 250 1702 auctore
272 1640 391 1702 Chaereb
421 1643 524 1712 moti,
550 1642 652 1722 quibus
683 1643 818 1704 Romana

136 1725 230 1782 virtus¹
240 1725 348 1792 inerat,
365 1721 442 1782 tanti
462 1723 582 1802 pernicie
600 1721 818 1804 Remp'ublicatn

139 1801 268 1863 confosso
283 1824 317 1862 eo
331 1803 422 1863 levare
438 1825 444 1860 ε
464 1804 663 1884 praelatumque
681 1804 819 1866 excellens

137 1885 215 1944 Bruti
240 1884 347 1946 facinus
371 1888 459 1965 ejesm
481 1885 639 1966 Tarquinio
665 1883 770 1956 foret,
794 1889 819 1946 si

138 1985 186 2047 per
203 1967 327 2044 Quirites
347 1965 436 2027 modb
450 1969 552 2026 militia
568 1987 743 2027 exerceretur.
755 1969 819 2028 Ve-
851 1969 855 1976 ’

137 2048 200 2107 nim
218 2050 267 2107 ubi
289 2051 362 2108 cives
378 2046 648 2116 desidib'exrernos,
668 2047 819 2108 barbaros-

138 2149 193 2211 que
215 2133 244 2189 in
266 2132 416 2188 exercitum
444 2149 544 2212 cogere
566 2128 657 2187 iibido
679 2130 820 2200 incessit3

141 2213 276 2290 cormptis
294 2211 419 2268 moribus
436 2211 548 2268 libertas
564 2204 712 2288 oppressa,
735 2209 821 2290 atque

116 2332 118 2338 -
140 2288 395 2351 babendi'auctum
405 2287 536 2350 studium.
554 2290 670 2349 Interim
685 2290 753 2350 dum
768 2291 821 2352 Se-

130 2369 221 2432 *nattis
246 2372 357 2432 decreto
386 2390 500 2456 gentem
532 2369 705 2442 Caesarum,
733 2374 822 2433 etiarn

140 2454 283 2514 muliebris
297 2452 396 2524 sextis,
408 2469 580 2534 omnemque
594 2451 758 2513 affinitatem
770 2471 821 2515 aa·

140 2537 212 2595 mati
229 2534 451 2615 persequuntur,
473 2535 544 2594 sorte
560 2555 630 2596 unus
650 2553 727 2595 ortus
740 2535 822 2615 Epiri

142 2616 158 2674 ὲ
176 2611 362 2686 cohortibus,
383 2637 444 2698 quae
459 2617 600 2677 Palatium
619 2637 666 2696 per
683 2635 822 2697 opportu-

141 2718 194 2756 nos
208 2697 287 2756 locos
307 2696 496 2768 obsidebant,
514 2697 583 2758 Tib.
600 2697 755 2758 Claudium
772 2718 823 2756 oc·

142 2779 295 2838 cultantem
315 2775 344 2836 se
363 2779 463 2857 repetit
479 2777 601 2838 deformi
615 2777 741 2849 latebra,
756 2799 822 2857 pro-

142 2863 289 2944 trastoque
313 2881 348 2922 eo
365 2903 375 2934 ,
395 2860 535 2922 exclamat
556 2859 631 2944 apud
649 2857 767 2932 socios,
792 2859 824 2920 Si

638 2939 704 3002 Kv
