2142 3664
259 347 326 394 222
401 322 529 395 ΑΜ.
558 325 768 395 VICTOR

257 445 356 504 illectis
375 460 423 524 per
445 444 520 504 dona
541 445 698 516 militibus,
718 463 802 525 atque
819 463 940 506 annonae

257 525 385 586 curanda:
404 523 494 606 specie
511 525 599 609 vulgo
610 573 622 595 ,
642 545 754 586 caeteros
773 523 849 586 haud
866 526 942 587 diffl-

259 607 345 666 cultcr
363 604 481 688 subegit.
496 607 598 688 quue
614 608 704 666 modo
724 607 803 668 annis
821 625 942 689 quatuor

259 689 367 746 circiter
383 687 610 771 &quadraginta
627 691 717 759 aclis,
737 688 840 748 morbo
857 689 941 749 Nolae

258 765 459 849 consumptus,
478 769 593 848 adjectis
606 771 725 850 imperio
740 771 843 831 civium
858 768 944 831 Rha-

260 850 516 932 tis3111yricoque,
532 873 564 910 ac
576 849 676 932 pacatb
687 870 860 914 externamm
874 870 943 934 gen-

258 932 331 991 tium
351 929 477 1002 ferocid,
496 934 550 992 nisi
568 931 737 993 Germania.
756 933 942 1014 Quamquam

261 1015 356 1072 tertius
372 1011 433 1093 post
445 1013 573 1073 Numam
585 1016 663 1075 viclo
673 1014 802 1075 Antonio
814 1059 822 1083 ,
837 1015 943 1074 Janum

260 1091 410 1166 clauserit,
427 1094 504 1176 quod
521 1099 580 1174 jure
597 1096 752 1166 Romano,
773 1092 944 1176 quiescenti-

261 1175 313 1236 bus
331 1175 411 1236 bellis
429 1175 583 1236 accidebat.
600 1177 698 1236 Mores
712 1177 774 1238 viro
792 1177 886 1236 civiles
905 1177 945 1236 le-

260 1256 377 1338 pidique
395 1279 405 1328 5
426 1259 562 1340 flagrante
585 1253 661 1318 liaud
683 1256 795 1317 modicb
813 1255 945 1330 luxurial,

261 1337 449 1420 ludorumque
475 1339 606 1420 cupidine
634 1357 718 1422 atque
747 1338 783 1400 ad
811 1337 945 1400 somnum

259 1417 485 1500 intemperantid.
524 1421 683 1480 Doclorum
710 1466 720 1492 ,
753 1422 802 1502 qui
832 1421 946 1480 abunde

263 1519 341 1560 erant
361 1547 371 1572 ,
394 1498 663 1586 necessariorumque
690 1501 852 1582 percultot,
879 1500 945 1562 calm

264 1583 430 1664 eloquentiae
443 1581 556 1656 studio,
569 1606 601 1644 ac
617 1583 799 1668 religionibus
817 1583 886 1642 mirb
900 1604 947 1643 re·

264 1667 404 1726 cinerem.
427 1665 515 1726 Pater
526 1668 656 1741 patric,
679 1666 718 1724 ob
738 1665 918 1730 clementiam
934 1711 947 1738 ,

261 1767 296 1806 ac
318 1745 485 1806 Tribunicid
504 1745 638 1827 potestate
658 1743 791 1828 perpetub
813 1744 943 1806 habitus:

261 1824 387 1908 hincque
419 1829 460 1887 uti
488 1828 579 1900 Deo,
611 1827 711 1888 Romae
739 1825 947 1910 provinciisque

263 1909 397 1968 omnibus
413 1927 475 1988 .per
506 1909 587 1969 urbes
621 1909 813 1969 celeberrimas
838 1955 848 1981 ,
876 1911 946 1969 vivo

263 2009 433 2071 mortuoque
446 1990 575 2070 templa,
589 1987 767 2060 sacerdotes,
784 1999 810 2052 δι
826 1990 948 2074 collegia

265 2070 415 2132 sacravere.
439 2071 518 2130 Felix
544 2071 615 2131 adeo
638 2069 765 2153 (absque
784 2071 877 2132 liberis
897 2091 946 2132 ta-

265 2174 333 2213 men
348 2153 487 2234 simulque
501 2156 658 2238 conjugio)
672 2173 703 2213 ut
713 2152 798 2223 Indi,
814 2149 946 2234 Scytha,

266 2235 482 2306 Garamantes,
502 2256 535 2294 ac
560 2236 652 2298 Bactri
676 2236 786 2318 legatos
806 2235 949 2294 mitterent

265 2317 374 2376 orando
396 2315 503 2376 foederi.

306 2397 350 2458 ll.
374 2397 451 2458 Dein
461 2395 598 2458 Claudius
608 2397 740 2456 Tiberius
751 2395 830 2455 Nero
845 2399 875 2456 in
886 2397 949 2458 Au-

267 2477 339 2561 gusti
361 2479 466 2540 liberos
490 2499 505 2535 e
525 2480 658 2559 privigno
678 2475 805 2536 redactus
824 2498 947 2562 arroga-

268 2563 368 2632 tione,
394 2561 443 2620 ubi
466 2580 527 2640 quac
554 2559 776 2630 metuebantur,
802 2554 868 2619 satis
889 2579 950 2621 tuta

267 2639 495 2712 animadvertit,
519 2639 671 2720 Imperium
698 2639 861 2720 complexus
882 2639 948 2712 est,

269 2727 345 2804 cujus
365 2742 470 2782 nomen
495 2718 554 2782 astu
577 2721 745 2793 abnuebat,
768 2719 950 2784 subdolus&

268 2803 422 2876 occultior,
434 2799 533 2888 hisque
546 2799 617 2885 saepe
632 2802 792 2864 simulando
804 2801 948 2874 infensus,

268 2905 330 2968 quat
351 2885 476 2950 maxime
497 2905 637 2970 cuperet,
660 2893 687 2948 δι
710 2883 843 2946 insidiose
864 2883 948 2948 dedi-
