2134 3668
244 303 378 374 Oaroo
397 303 560 374 Grntrs
576 308 687 376 Rorr.
716 366 717 372 ,
743 331 805 397 143

131 424 218 484 etiam
229 423 357 484 mulieres
367 423 556 484 admitterent.
568 425 636 502 Quo
646 425 723 488 festo
734 429 813 487 aiunt

130 506 203 562 intre
221 503 279 564 dies
295 508 411 588 triginta
429 527 544 566 omnem
565 505 704 566 familiam
725 507 809 568 Poti-

132 586 263 655 tiorum,
285 607 345 666 quae
369 587 444 666 prior
470 588 500 645 in
527 584 610 648 sacris
634 583 811 659 habebatur,

133 663 294 724 exstinetam
310 689 317 722 t
331 684 413 746 atque
432 669 471 726 ita
490 664 568 726 sacra
583 688 666 747 penes
684 668 812 729 Pinarius

133 742 274 815 resedisse,
283 744 385 826 eosque
395 765 454 806 tam
465 749 600 829 religione
609 793 618 818 ,
627 746 713 829 quim
727 753 812 810 etiem

132 828 234 906 pietate
251 825 384 897 edoctos,
399 825 530 907 mysteria
545 826 684 907 ejusmodi
697 827 814 890 fidelitet

134 902 288 966 custodisse.

175 987 232 1048 IX.
253 984 319 1045 Post
339 985 467 1048 Faunum
489 988 592 1048 Latino
618 993 676 1068 ejus
701 987 760 1050 filio
783 993 814 1052 in

133 1065 216 1128 ltaliai
234 1086 388 1150 regnante,
401 1066 528 1138 AEneas‚
547 1068 603 1127 llio
616 1066 734 1130 Achivis
749 1091 815 1150 pro·

136 1145 196 1206 dito
220 1147 256 1207 ab
283 1148 449 1219 Antenore,
475 1146 591 1229 aliisque
618 1150 808 1229 principibus,

137 1226 202 1288 etim
218 1250 271 1309 prae
285 1227 313 1288 se
328 1229 406 1288 Deos
424 1229 561 1299 Penates,
576 1247 739 1310 patremque
752 1231 815 1290 An·

137 1307 232 1372 chisen
252 1307 374 1370 humeris
394 1307 525 1392 gestans,
546 1331 597 1370 nec
620 1332 678 1369 non
701 1320 728 1371 ει
751 1331 816 1390 par-

137 1390 233 1450 vulum
254 1389 344 1450 filium
366 1412 452 1452 manu
471 1388 603 1460 trahens,
622 1394 709 1451 nediu
730 1412 814 1452 exce-

138 1470 233 1542 deret,
250 1470 312 1530 orti
330 1472 390 1530 luce
412 1475 541 1555 cognitus
555 1473 591 1531 ab
612 1469 759 1542 hostibus,
781 1493 815 1533 eo

139 1549 217 1632 quod
240 1550 318 1611 tanti
340 1549 451 1610 onustus
472 1555 581 1632 pietatis
604 1550 711 1611 sarcini
734 1573 816 1624 erat,

139 1653 199 1692 non
212 1631 301 1692 modo
315 1630 419 1690 inullo
433 1633 621 1710 interpellatus
638 1677 646 1701 ‚
664 1630 712 1692 sed
730 1635 816 1693 etiarn

141 1709 158 1770 ἦ
171 1733 237 1793 tege
252 1713 279 1772 A
301 1732 489 1781 amemnone,
506 1709 565 1791 qud
581 1713 682 1782 veliet,
696 1715 735 1770 ite
753 1733 816 1791 per-

141 1789 255 1863 miss'us,
272 1733 354 1852 ddunt
373 1795 441 1872 petit
458 1814 464 1848 ι
482 1793 577 1873 ibique
598 1793 714 1852 navibus
731 1791 818 1853 fabri-

142 1875 232 1944 catis,
257 1894 322 1932 cum
347 1873 441 1934 multis
464 1871 565 1932 diversi
586 1870 690 1945 sextis,
711 1875 819 1934 oraculi

142 1954 290 2014 admonitu
307 1953 418 2014 Italiam
435 1956 527 2034 petit:
546 1972 577 2012 ut
595 1953 677 2016 docet
692 1955 819 2015 Alexan-

143 2035 191 2095 der
201 2033 357 2116 Ephesius,
376 2035 425 2094 lib.
441 2055 461 2096 1.
480 2035 548 2093 belli
560 2034 685 2094 Marsici.
699 2035 738 2093 At
750 2034 818 2096 vero

142 2117 268 2176 Lutatius
284 2137 342 2176 non
359 2112 447 2174 modd
464 2115 656 2182 Antenorem,
670 2111 718 2172 sed
733 2118 819 2176 etium

141 2199 152 2257 i
173 2194 234 2257 sum
240 2197 365 2257 AEneunr
378 2194 552 2275 proditorem
566 2198 660 2273 patriae
674 2191 752 2252 fuiffe
765 2213 821 2253 tra-

144 2218 214 2336 dit:
236 2281 281 2338 cui
305 2273 368 2335 crim
392 2273 409 2334 e
431 2295 495 2356 tege
516 2276 732 2355 Agamemnone
753 2294 819 2354 per-

145 2355 255 2419 nriffutn
284 2355 348 2416 esset
374 2357 412 2426 ite
435 2353 494 2436 qud
515 2355 626 2426 vellet,
651 2362 678 2414 &
701 2351 822 2415 humeris

146 2437 219 2510 suis,
233 2438 310 2520 quod
324 2439 498 2518 potissimum
510 2455 634 2515 putaret,
648 2431 703 2494 hoc
717 2433 820 2507 fertet3

146 2517 218 2583 nihil
228 2521 307 2582 illum
320 2537 413 2598 prater
422 2517 500 2577 Deos
512 2517 644 2586 Penates,
656 2525 683 2576 &
696 2535 820 2596 patrem,

146 2599 271 2682 duosque
283 2599 409 2680 parvulos
420 2595 510 2666 filios,
524 2617 554 2656 ut
565 2596 680 2678 quidam
692 2596 821 2668 tradunt,

147 2701 179 2742 ut
195 2679 262 2740 vero
283 2682 350 2748 alii,
370 2699 478 2749 unum,
497 2681 541 2736 cui
561 2677 626 2736 Julo
639 2697 819 2758 cognomen,

148 2759 209 2842 post
223 2763 307 2820 etiam
322 2756 445 2818 Ascanio
461 2757 562 2827 fuerit,
581 2756 674 2816 secum
690 2753 821 2818 ertuliffe.

148 2841 216 2922 Qui
227 2846 328 2924 pietate
341 2858 435 2900 motos
446 2835 618 2900 Achivorum
633 2840 771 2920 'principes
784 2857 826 2896 te·
