2110 3666
316 317 666 380 retroue.
757 327 819 400 323
880 305 896 320 “

146 421 266 489 fatuis
290 427 436 511 Philippus
464 429 626 490 humillimo
653 449 730 490 ortus
758 432 823 490 loco

147 509 223 580 fuit,
268 529 325 570 atre
343 513 520 573 nobilissimo
540 512 680 572 latronum
699 509 824 572 duetore.

185 591 214 650 Χ
257 591 313 652 lx.
335 593 441 652 Decius
463 592 648 654 ei’annoniit
670 593 823 664 inferiore,

145 669 269 732 Bubaliae
288 691 390 744 natus,
409 673 558 756 imperavit
574 673 683 734 menses
697 677 823 756 triginta.

145 751 204 814 Hic
224 753 347 812 Decium
366 753 456 828 filium
475 754 556 816 suum
578 753 718 816 Caesatem
734 755 824 828 fecit,

145 835 190 892 vit
211 833 316 893 artibus
338 839 465 907 cunulis,
486 835 689 918 virtutibusque
708 835 825 897 instruc-

147 930 212 984 tus,
233 914 359 994 placidus
378 925 405 977 &
424 920 583 978 communis
604 917 683 976 domi
697 921 755 988 ,in
774 941 823 978 ar-

148 996 202 1054 mis
217 998 449 1076 promptissimus.
464 999 498 1058 In
519 997 580 1058 solo
594 999 740 1058 barbarico
754 1003 825 1060 inter

147 1074 280 1136 confusas
297 1077 391 1138 turbas
431 1083 520 1162 urgite
540 1081 648 1160 paludis
668 1078 826 1141 submersus

149 1154 202 1227 est,
218 1158 256 1216 ita
266 1175 357 1218 utnec
371 1100 430 1219 ca?

148 1236 235 1297 Filius
253 1237 320 1300 verb
337 1245 394 1320 ejus
414 1241 489 1302 bello
508 1239 654 1304 exstinstus
676 1240 722 1301 est.
742 1242 825 1303 Vixit
842 1267 844 1271 ’

148 1339 238 1380 annos
274 1324 487 1406 quinquaginta.
526 1323 619 1404 Hujus
650 1325 826 1402 temporibus

146 1398 255 1471 Valens
274 1402 445 1464 Lucinianus
464 1405 620 1482 Imperator
643 1400 757 1464 effeetus
777 1403 825 1466 est.

187 1481 297 1543 XXX.
323 1484 427 1544 Vibius
450 1485 550 1545 Gallus
576 1507 640 1545 cum
663 1485 826 1546 Volusiano

148 1561 208 1622 filio
231 1567 379 1644 imperavit
402 1587 490 1626 annos
509 1565 588 1624 duos.
611 1565 724 1636 Horum
746 1582 826 1624 tem-

148 1644 265 1723 poribus
276 1643 450 1705 Hollilianus
465 1647 610 1724 Perpenna
624 1645 639 1704 *a
653 1647 757 1706 Senatu
770 1645 828 1707 ltn-

148 1744 259 1805 perator
278 1745 405 1796 creatus,
424 1747 475 1786 nec
489 1727 580 1786 multo
598 1725 660 1810 post
672 1725 827 1808 pestilenti&

78 1826 89 1840 ’
147 1805 327 1888 consumptus
349 1807 395 1868 est.
564 1847 566 1852 ·

187 1890 316 1951 XXXI.
345 1891 403 1950 Sub
425 1887 469 1951 his
495 1891 580 1950 etiarn
602 1885 776 1952 AEmilianus
795 1893 826 1952 in

147 1970 308 2034 Moesiilm
329 1991 420 2033 erutor
430 1969 543 2038 effectus
555 1969 725 2042 est,=contta
739 1993 826 2054 quem

147 2053 234 2112 ambo
248 1994 386 2133 point,
404 2055 478 2134 apud
496 2055 687 2112 Interamnam
701 2052 737 2111 ab
749 2073 826 2112 exet·

148 2137 206 2194 citu
225 2133 276 2193 suo
297 2135 456 2205 ceduntur,
475 2153 551 2192 anno
570 2133 656 2191 aetatis
675 2151 752 2213 pater
768 2131 828 2214 sep-

149 2219 222 2276 timo
244 2218 351 2274 circiter
371 2225 398 2276 &
422 2214 663 2297 quadragesimo,
689 2215 774 2272 creati
796 2215 827 2274 in

148 2295 240 2356 insuli
257 2297 416 2380 Meninge,
438 2315 500 2376 quae
514 2313 588 2354 nunc
606 2293 697 2354 Girba¹
717 2293 826 2358 dicitur.

148 2379 322 2446 AEmilianus
341 2377 411 2438 verb
428 2375 535 2436 menses
555 2393 675 2456 quatuor
695 2374 828 2436 <lomina-

147 2481 211 2532 tus,
226 2460 300 2542 apud
316 2460 493 2539 Spoletium
513 2460 572 2518 sive
590 2475 724 2538 pontem,
741 2477 827 2538 quem

147 2543 184 2602 ab
208 2547 266 2620 ejus
290 2543 362 2602 caede
385 2541 602 2624 sanguinarium
621 2535 828 2680 accrepiffeno·

146 2643 212 2683 rnen
234 2622 355 2694 ferunt,
384 2623 455 2680 inter
475 2621 662 2680 Ocriculum.
696 2622 827 2680 amiam-

147 2725 221 2784 que,
241 2704 398 2782 Spoletium
416 2711 444 2762 &
457 2701 555 2761 urbem
571 2701 697 2761 Romam
712 2703 829 2784 regione

146 2785 240 2846 medie
261 2787 392 2865 positum.
420 2783 485 2842 Fuit
508 2799 603 2842 autem
629 2783 749 2843 Maurus
767 2802 827 2925 {ge-

146 2887 230 2941 nete‚
257 2887 392 2952 pugnax,
416 2883 469 2926 nec
493 2882 591 2926 tamen
612 2881 742 2944 ptaecept.
786 2863 827 2922 si-

626 2942 707 3024 Ovj

425 1181 489 1220 avet
499 1165 556 1239 ejus
567 1163 687 1241 potuerit
696 1163 826 1226 inveniri.
864 1197 866 1205 ·
