2142 3664
283 331 348 382 oa
378 314 726 384 CAEsAarat'ts,
775 332 845 403 227

159 429 371 516 Mesopotamia
403 453 451 516 pet
478 433 627 494 Orientem
652 478 661 506 ,
695 417 846 510 Rhenus,

160 515 395 598 Danubiuique,
426 514 463 575 ad
489 515 714 596 Septentrionem
734 538 744 586 3
777 525 804 576 δι
828 514 845 578 ὲ

159 596 282 658 Meridie
295 599 394 658 Mauri
407 591 539 657 accellire
553 598 724 678 provinciis,
745 596 846 678 demp-

160 679 199 774 tis·
213 680 326 762 regibus
343 676 404 760 post
423 679 526 740 Jubam
542 698 552 749 3
569 676 693 760 taefaque
710 677 844 740 Musala-

159 779 285 819 mrorum
305 781 404 819 manus
420 782 430 830 3
448 759 553 829 simul,
574 760 674 819 ultima
696 758 822 821 Occasus
833 807 846 834 ,
915 827 918 836 ,

80 909 89 914 ,
159 839 311 900 Britanniae
342 859 431 940 fatres
457 837 605 911 contusae,
636 861 723 922 quam
752 839 845 904 solam

160 920 254 993 adiit,
275 919 359 981 Ostia
378 920 517 1001 profedius
538 921 634 992 mari,
654 943 721 982 nam
746 943 845 985 caetera

161 1001 245 1062 duces
280 1001 418 1062 curavere.
452 999 554 1061 Adhuc
589 1023 708 1062 annonae
739 1002 846 1086 egestas

161 1085 337 1164 composita,
350 1105 437 1165 quatu
451 1082 586 1166 Caligula
600 1082 765 1155 induxerat,
776 1083 846 1146 dum

160 1163 268 1224 adadiis
286 1185 349 1226 toto
371 1163 439 1224 orbe
457 1166 602 1248 navigiis,
621 1167 749 1245 pervium
767 1187 847 1226 mare

162 1242 276 1306 theatris
292 1245 470 1329 curribusque
487 1246 593 1306 damno
610 1246 724 1328 publico
738 1247 846 1308 efficere

88 1365 92 1372 x
161 1327 316 1389 contendit.
331 1327 432 1411 Neque
445 1325 520 1388 sectis
535 1325 619 1387 censu
635 1348 762 1398 novato,
779 1326 845 1390 edm

160 1408 265 1469 Senatu
284 1411 370 1469 motis
388 1410 513 1490 pluribus
527 1407 663 1470 lascivum
682 1408 845 1471 adolescen-

160 1505 240 1558 tem,
261 1511 346 1571 quem
366 1491 419 1550 sibi
438 1490 588 1571 probatum
605 1505 702 1571 parens
721 1489 848 1552 ailerue-

160 1589 223 1643 rat,
238 1569 407 1641 retinuillet,
422 1569 564 1630 censorem
584 1580 611 1630 &
628 1571 722 1631 libetis
737 1592 847 1652 patrem
917 1617 920 1622 ι

161 1651 262 1711 debete
282 1649 358 1721 elle,
376 1651 449 1712 tedii
468 1652 614 1732 adjecerat.
635 1649 686 1711 Ast
702 1653 752 1711 ubi
764 1653 847 1713 Mes-

161 1729 257 1792 salina
273 1734 421 1816 conjugis,
438 1734 576 1814 simulque
592 1732 755 1792 libertorum
773 1733 845 1794 deliss

162 1814 315 1886 nimentis,
333 1813 435 1896 quibus
450 1811 538 1874 semet
550 1813 714 1885 dediderat,
735 1818 764 1875 in
780 1837 846 1897 pra-

162 1915 230 1955 vum
253 1892 426 1967 abſtractus,
446 1917 506 1956 non
527 1896 576 1957 illa
596 1895 685 1957 modo
709 1917 846 1978 tyranno·

162 1995 225 2036 rum
243 1973 379 2049 admilla,
398 1977 495 2038 vertitu
539 1999 580 2037 uae
598 1975 769 2058 postremum
787 2001 843 2062 ge·

162 2077 214 2117 nus
231 2059 402 2128 mulierum,
417 2077 501 2140 atque
516 1999 616 2118 dervile
633 2061 732 2141 quibat
751 2059 845 2122 facere

161 2139 226 2198 viro
240 2142 347 2200 amenti
358 2139 541 2220 dominoque.
557 2139 692 2222 Namque
703 2162 774 2200 uxot
785 2143 845 2222 pri-

163 2217 213 2280 md
235 2222 417 2302 passimque,
438 2222 517 2302 quasi
533 2225 616 2299 jure,
633 2217 762 2280 adulteris
780 2241 845 2282 ute·

161 2300 244 2360 batur
264 2325 271 2359 ε
293 2321 383 2383 eoque
400 2301 515 2361 extindii
531 2321 595 2360 cum
618 2297 673 2361 suis
694 2302 843 2386 plerique,

161 2382 302 2466 ingenio,
321 2380 369 2442 seu
388 2399 466 2442 metu
483 2380 652 2444 abstinentes
670 2405 680 2456 3
696 2383 764 2444 dum
780 2405 844 2464 per-

161 2465 272 2546 vagatis
293 2463 443 2524 mulierum
464 2464 570 2526 artibus
590 2465 648 2544 peti
668 2461 696 2524 se
718 2463 847 2546 apetitio

163 2545 334 2605 criminatur.
355 2543 469 2606 Dehinc
488 2542 607 2607 atrocitls
624 2543 763 2619 accensa,
785 2569 846 2607 no-

59 2627 69 2636 ”
162 2623 280 2684 biliotes
298 2624 421 2707 quasque
435 2647 552 2708 nuptas,
570 2637 598 2689 δι
612 2630 755 2714 virgines,
769 2627 846 2700 scor'-

164 2722 260 2764 torum
277 2705 366 2766 modo
380 2705 474 2767 secum
508 2706 683 2782 rostituerat,
698 2711 845 2792 coadtique

164 2807 254 2846 mares
274 2790 315 2846 uti
334 2783 464 2848 adeffent.
478 2729 567 2864 {uod
582 2791 604 2850 si
624 2793 674 2872 qui
692 2792 759 2851 talia
775 2788 846 2850 hor·

164 2885 281 2942 tuerat,
307 2869 401 2932 afficto
430 2871 573 2944 crimine,
598 2873 629 2932 in
657 2869 750 2952 ipsum
774 2893 843 2934 om·

650 2951 725 3033 va
