2060 3662
239 289 287 354 24
409 265 722 336 Evraorrr

238 384 433 464 Campaniam
461 384 644 465 depopulatus
672 381 740 452 est3
771 401 854 464 atque
881 381 918 443 ad

199 463 202 474 ’
238 462 373 526 Praeneste
393 467 494 536 venit,
521 467 654 546 milliario
674 465 711 524 ab
727 465 807 526 Urbe
832 467 915 525 odia-

238 546 409 606 vodecimo.
439 547 514 606 Mox
540 566 641 606 terrore
674 543 837 616 exercitiis,
867 547 917 628 qui

231 648 304 690 cum
323 625 449 688 Consule
466 624 630 708 sequebatur
644 673 654 696 ‚
673 628 704 686 in
720 626 916 706 Campaniam

238 706 268 768 se
292 709 403 789 recepit.
428 709 530 790 Legati
554 707 592 768 ad
614 705 751 787 Pyrrhum
773 707 810 766 de
836 707 914 767 redi·-

237 789 348 849 mendis
373 789 490 868 captivis
513 789 614 859 missi,
639 789 675 848 ab
702 809 737 847 eo
760 785 917 850 honorificd

237 867 357 950 suscepti
373 866 436 928 sunt
451 892 457 926 ε
473 870 598 950 captivos
615 871 673 928 sine
690 871 778 948 pretio
789 869 915 931 Romam

235 952 322 1012 misit.
345 951 446 1011 Unum
470 971 503 1008 ex
525 950 626 1031 legatis
643 949 840 1010 Romanomm
864 951 915 1012 Fa-

231 1031 355 1092 bricium
375 1033 414 1092 sic
431 1031 584 1091 admiratus
604 1028 666 1102 est,
690 1050 741 1102 ur,
766 1029 830 1092 crim
850 1053 915 1093 eum

231 1132 386 1194 ,pauperem
410 1107 462 1171 effe
490 1107 689 1194 cognoviffet‚
714 1112 814 1194 quarti
838 1133 916 1194 parte

234 1196 316 1276 tegni
330 1191 488 1273 promised,
505 1190 654 1254 sollicitate
670 1191 813 1265 voluerit}
829 1215 861 1254 ut
878 1194 915 1256 ad
945 1259 951 1272 ,

233 1272 264 1336 se
280 1276 427 1344 transirem
443 1272 674 1355 contemptusque
689 1272 706 1333 ὲ
720 1275 851 1334 Fabricio
866 1275 915 1338 est.

234 1355 332 1432 Quare
353 1353 416 1414 crim
440 1352 560 1436 Pyrrhus
585 1355 695 1437 ingenti
715 1354 915 1416 Romanorum

235 1436 423 1509 admiratione
438 1455 593 1507 teneretur,
611 1437 736 1518 legatum
753 1438 849 1506 misit,
864 1439 915 1520 qui

234 1539 335 1598 pacem
347 1520 438 1600 -aequis
453 1517 663 1578 conditionibus
680 1535 805 1596 peteret,
820 1521 915 1597 ptaeci·

233 1620 321 1680 puutn
335 1601 447 1677 virum,
465 1598 588 1660 Cineam
602 1599 737 1657 nomine:
752 1599 791 1658 ira
807 1619 837 1658 ut
849 1600 916 1679 Pyr·

233 1677 300 1742 thus
318 1701 424 1762 partem
440 1681 549 1750 Italia,
571 1700 658 1760 quam
675 1683 735 1758 jam
757 1681 843 1742 armis
864 1701 915 1740 oc-

232 1781 404 1840 cupaverat,
426 1762 572 1820 obtineret.
631 1761 633 1766 ’

274 1842 302 1900 X
309 1842 370 1903 III.
392 1843 451 1902 Pax
471 1839 637 1920 displicuit3
661 1842 913 1925 remandatumque

232 1921 341 2004 Pyrrho
356 1923 373 1982 ‘a
391 1923 495 1984 Senatu
510 1921 568 1993 est,
588 1944 653 1984 eum
669 1945 734 1984 cum
747 1924 887 1985 Romanis
900 1970 913 1995 ,

232 2005 288 2066 nisi
315 2025 348 2064 er
372 2001 455 2064 Italid
479 2000 655 2074 recessisset,
686 2019 784 2085 pacem
809 2004 914 2066 habete

232 2107 292 2146 noo
317 2082 401 2166 poffe.
420 2085 498 2146 Tum
520 2083 646 2146 Romani
664 2083 796 2165 juffetunt
817 2089 912 2168 capti-

232 2187 284 2228 vos
304 2189 424 2239 omnes,
445 2188 516 2250 quos
533 2165 652 2248 Pyrrhus
668 2167 848 2240 reddiderat,
871 2171 915 2228 in·

232 2247 323 2308 fames
340 2247 461 2318 haberi,
487 2246 566 2329 qudd
592 2250 693 2325 armati
721 2247 783 2330 capi
805 2247 915 2330 potans-

232 2327 294 2388 sent
312 2353 318 2387 :
337 2351 388 2390 nec
407 2331 471 2390 ante
490 2350 537 2388 eos
556 2329 592 2390 ad
612 2351 735 2394 veterem
753 2329 856 2391 {mcum
872 2352 915 2392 re·
996 2387 997 2390 ,

232 2413 325 2482 uerti,
345 2409 433 2492 quim
457 2413 480 2471 si
499 2411 631 2472 binorum
655 2410 779 2472 hostium
803 2410 915 2472 occiso-

232 2512 295 2550 rum
322 2489 413 2571 spolia
433 2488 591 2574 repulissent.
620 2494 664 2554 Ita
685 2494 792 2576 legatus
813 2491 914 2574 Pyrrhi

232 2571 354 2633 reversus
370 2568 429 2644 est,
447 2571 464 2632 ‘a
481 2593 539 2653 quo
553 2572 616 2633 cuim
632 2595 764 2655 quaereret
773 2573 913 2656 Pyrrhus,

231 2656 338 2731 qualem
353 2655 469 2714 Romam
488 2653 671 2728 comperiffet,
692 2655 799 2716 Cineas
817 2655 911 2726 dixit,

232 2758 322 2814 regum
331 2734 363 2813 sc
372 2737 495 2811 patriam
511 2735 607 2810 vidtffi
622 2761 632 2796 .·
642 2735 751 2814 scilicet
767 2738 837 2796 tales
853 2735 914 2795 illic

224 2818 287 2894 ferd
314 2839 437 2891 omncs,
468 2817 559 2894 qualis
589 2840 658 2880 unus
688 2817 814 2899 Pyrrhus
844 2820 917 2892 apud

799 2899 915 2975 Epirum
