2134 3668
209 333 263 383 on
283 318 401 386 ers
418 335 705 388 rttusrnrrus
737 339 798 404 173

128 434 292 498 Cremeram
303 439 420 498 fluvium
431 436 517 497 castra
529 435 686 518 posuerunt.
697 437 806 496 Veien-

127 536 168 578 tes
187 518 223 578 ad
241 518 493 587 doios'conversi‚
514 539 615 598 pecora
640 537 673 577 ex
696 515 805 576 diverso

127 600 156 658 iu
177 598 327 679 conspediu
350 617 446 659 eorum
467 600 663 679 protulerunt,
686 599 722 658 ad
743 619 804 679 quae

126 683 266 762 progressi
293 681 399 749 Fabii,
424 682 455 738 in
479 680 593 739 insidias
615 680 744 759 delapsi,
769 679 806 738 ad

127 781 214 819 unum
236 761 386 819 occidione
408 763 555 840 perierunt.
575 761 669 831 Dies,
693 781 750 840 quo
776 761 806 819 id

127 839 235 900 facium
253 839 313 908 est,
337 841 407 898 inter
427 837 548 900 nefastos
568 841 676 900 relatus.
697 841 805 911 Porta,

127 921 184 1002 qui
204 919 323 1000 profedii
343 937 443 992 erant,
464 922 602 980 Scelerata
624 919 663 979 est
683 922 807 1000 app'ella-

128 1015 166 1060 ta.
195 1003 278 1062 Unus
300 1021 334 1058 ex
360 999 392 1058 eb
421 1019 504 1084 gente
535 1021 644 1082 propter
671 1000 805 1080 impube-

127 1103 186 1140 rem
206 1099 316 1140 aetatem
338 1079 417 1139 domi
437 1083 570 1153 felicius,
594 1101 681 1165 genus
700 1101 806 1160 propa-

129 1164 208 1244 gavit
223 1161 259 1221 ad
274 1163 312 1240 Q.
327 1162 445 1221 Fabium
459 1163 642 1234 Maximum,
662 1165 712 1243 qui
724 1161 809 1222 Han·

128 1243 254 1302 nibalem
274 1242 354 1302 morai
376 1243 483 1326 fregit,
511 1242 669 1303 Cunstatot
691 1243 727 1303 ab
748 1243 806 1302 ob-

129 1325 323 1382 treciatoribus
346 1324 443 1384 dietus.

168 1405 241 1464 XV.
263 1405 366 1464 Lucius
390 1406 545 1476 Valerius,
572 1407 674 1466 Volesi
705 1405 804 1476 fliius,

129 1485 252 1564 primum
273 1485 307 1546 de
326 1485 521 1556 Veientibus,
544 1486 643 1546 iterrim
666 1487 700 1546 de
720 1487 807 1548 Sabi-

129 1568 192 1637 nis,
213 1565 297 1626 tertid
311 1565 346 1624 de
363 1563 486 1646 utrisque
503 1569 633 1647 gentibus
650 1564 808 1646 triumpha-

128 1649 179 1704 vit.
206 1646 289 1717 Hic,
317 1647 383 1726 quia
410 1649 440 1704 in
467 1647 562 1704 iocum
590 1648 668 1705 Bruti
689 1643 810 1729 'collegae

131 1724 288 1786 Consulem
310 1747 369 1784 non
393 1724 615 1810 subrogaverat,
639 1737 667 1786 &
691 1728 810 1786 domum

129 1807 161 1866 in
183 1807 269 1866 Velia
288 1807 427 1868 tutissimo
444 1809 508 1866 loco
526 1805 649 1867 habebat
663 1811 723 1879 ‚in
744 1805 808 1868 sus-

129 1889 272 1968 picionem
297 1889 378 1970 regni
404 1885 527 1949 affediati
553 1891 639 1948 venit.
664 1889 732 1965 Quo
755 1911 810 1948 co·

131 1971 212 2049 gnito
230 2013 240 2040 ,
260 1969 333 2048 apud
353 1971 488 2048 populum
511 1969 645 2051 questus,
670 1969 748 2052 quod
776 1971 812 2030 de

130 2049 158 2108 se
180 2051 236 2108 eale
258 2049 366 2130 aliquid
388 2047 566 2122 timuiffent‚
593 2053 736 2122 immisit,
760 2053 812 2130 qui

131 2131 249 2189 domum
264 2130 343 2190 suam
362 2130 508 2190 diruerent.
523 2131 636 2190 Secutes
651 2133 736 2190 etiam
752 2129 812 2190 fas-

131 2210 210 2276 cibus
232 2211 355 2280 demsit,
379 2209 482 2290 eosque
503 2213 533 2269 in
556 2211 653 2290 popuii
672 2213 811 2270 concione

131 2289 270 2350 submisit.
301 2292 408 2373 Legem
428 2291 462 2349 de
485 2293 685 2370 provocatione
710 2289 727 2350 ‘a
748 2313 811 2354 ma·

132 2371 290 2453 gistratibus
309 2371 344 2431 ad
363 2372 496 2450 populum
517 2373 589 2431 tulit.
611 2371 688 2446 Hinc
709 2373 810 2452 Popli-

132 2453 196 2510 coia
223 2453 320 2512 dietus.
352 2451 412 2528 Qui
441 2451 503 2512 crim
533 2457 663 2533 (quater
690 2453 810 2528 consui)

131 2532 208 2592 diem
237 2531 372 2602 obiisset,
401 2531 472 2592 adeo
498 2555 601 2613 pauper
624 2531 749 2605 exstitit,
782 2553 813 2594 ut

132 2614 257 2674 coileffls
278 2612 295 2671 ‘a
318 2615 422 2691 populo
443 2617 565 2674 nummis
588 2615 699 2693 publice
720 2614 747 2674 se
768 2616 812 2674 ui·

131 2714 176 2752 tus
197 2695 255 2763 sit,
280 2701 421 2752 &annuo
442 2714 633 2754 matronarum
656 2696 732 2758 lustu
749 2635 811 2754 bo-

132 2793 216 2834 ratus.
650 2815 653 2818 -

174 2854 259 2916 XVI.
280 2855 587 2936 Tarquiniuscjedius,
601 2855 636 2914 ad
646 2856 812 2916 Mamilium

608 2937 639 2998 H
660 2939 690 3016 iij
