2142 3664
227 281 292 364 248
376 277 500 346 Aur.
529 277 745 347 Vrcaon

225 415 350 456 veterum
371 398 582 467 innocentiam,
601 400 681 476 quasi
701 399 840 457 mentium
862 395 909 457 sa⁴

228 482 364 545 nitatem,
388 497 591 557 pervenerant,
612 478 778 536 clementem
799 477 908 536 habue-

228 577 265 615 re,
287 557 330 616 Ita
349 554 497 628 honestas,
516 579 576 637 quat
595 561 733 636 principio
752 561 835 617 anxia
854 557 908 618 ha-

229 639 332 706 betur,
355 638 404 696 ubi
425 640 600 720 contigerit,
620 638 759 718 voluptati
780 639 910 698 iuxuriat-

171 777 173 782 ,
230 737 284 797 que
302 716 350 776 est.
375 715 559 778 Pescennium
578 717 703 800 Nigrum
725 719 801 798 apud
818 719 910 798 Cyzi-

230 818 335 869 cenos,
355 797 492 858 Ciodium
509 800 647 858 Albinum
667 799 800 880 Lugduni
821 798 911 859 vidos

231 882 326 959 co‘e'git
337 882 418 938 mori.
432 880 563 954 Quorum
573 880 666 958 prior,
678 879 839 961 AEgyptum
854 879 911 939 dux

231 958 384 1028 obtinens,
404 960 510 1020 bellurn
532 979 681 1028 moverat,
703 959 750 1039 spe
772 960 910 1020 domina·

232 1041 316 1098 tionis
334 1063 344 1112 3
367 1040 436 1100 alter
456 1040 608 1100 Pertinacis
625 1044 724 1100 nudior
744 1040 911 1111 occidendi,

233 1117 297 1178 etim
314 1141 348 1180 eo
364 1140 441 1180 metu
454 1122 484 1178 in
502 1121 669 1192 Britannos,
684 1141 770 1202 quam
789 1125 911 1200 provin-

233 1202 307 1260 ciam
327 1199 344 1260 *a
361 1200 529 1261 Commodo
549 1220 688 1260 meruerat
703 1247 715 1270 ,
735 1205 911 1272 transmitte·
987 1219 990 1224 ·

158 1281 159 1284 '
234 1302 264 1340 te
293 1281 458 1351 nitebatur,
479 1285 510 1348 in
534 1280 629 1342 Gallia
649 1280 788 1342 invaserat
811 1283 856 1342 Im
877 1304 911 1340 e-

234 1364 316 1420 tium.
336 1361 450 1421 Horum
469 1360 579 1422 infiniti
600 1361 673 1421 caede
696 1362 834 1422 crudelior
855 1303 894 1422 ir

234 1441 337 1510 bitus,
355 1463 388 1500 ac
412 1461 604 1524 cognomento
626 1443 782 1502 Pertinax:
806 1457 914 1524 quam<

257 1543 322 1580 uam
343 1523 382 1581 ob
399 1526 463 1606 vitat
482 1527 682 1603 parsimoniam
702 1524 845 1594 similem,
864 1518 914 1603 ip-

236 1543 299 1661 ium
319 1605 411 1686 magis
429 1601 569 1664 adscivisse
583 1605 671 1684 piures
688 1623 809 1683 putent3
831 1605 916 1664 nobis

210 1684 213 1689 ’
237 1705 316 1744 mens
333 1683 368 1744 ad
387 1683 554 1746 credendum
568 1706 678 1764 prona,
700 1685 846 1744 acerbitati
859 1688 921 1744 im*

238 1767 370 1846 positum.
400 1765 478 1825 Nam
509 1764 573 1824 etim
607 1765 724 1845 quidam
755 1763 876 1824 hostium
904 1811 916 1836 ,

146 1855 149 1862 ’
238 1865 324 1925 quem
344 1863 439 1906 tamen
456 1890 468 1914 ,
490 1849 530 1906 uti
554 1846 635 1905 bellis
661 1845 788 1906 civilibus
815 1844 916 1916 solet,

232 1919 366 1984 ¹conditio
379 1927 436 1984 loci
455 1925 491 1985 ad
505 1926 643 1986 Albinum
660 1925 814 1996 detulerat,
834 1925 919 1987 causti

240 2003 391 2085 expositi,
416 2007 569 2067 novissime
589 2003 761 2067 conclusiffet
784 2029 791 2063 ι
811 2005 917 2082 Quid,
946 2001 950 2007 ’

165 2157 166 2160 ¹
262 2085 356 2159 uaeso,
378 2087 502 2157 faceres,
522 2089 546 2146 si
565 2107 595 2146 tu
615 2084 680 2147 esses
698 2095 708 2146 i
729 2087 780 2146 Ille
797 2085 917 2166 respon-

241 2107 284 2226 dit
304 2191 311 2224 ε
332 2167 375 2226 Ea
393 2165 566 2248 perferrem,
586 2189 647 2249 quae
668 2187 707 2226 tu.
730 2169 798 2244 Quo
819 2167 931 2238 diuo,-

241 2245 317 2306 faeio
339 2268 372 2306 ue
393 2249 487 2308 durius
509 2246 581 2308 nihil
602 2271 609 2306 ε
633 2246 696 2307 cdm
719 2249 788 2307 boni
813 2247 918 2308 sancii-

319 2270 521 2406 itujuscemodi
550 2326 728 2388 dissensiones
753 2375 763 2397 ,
790 2332 921 2409 quamvis

264 2348 298 2385 ue

243 2349 389 2468 iiudiosids
408 2427 531 2487 coeptas,
545 2409 662 2468 fortunae
678 2411 842 2488 increpent,
858 2431 922 2473 ma-

244 2487 343 2570 gisque
362 2490 391 2546 in
411 2491 612 2570 protegendis,
634 2487 719 2570 quam
741 2489 777 2548 ad
797 2489 920 2568 perden-
948 2491 953 2527 ἵ

244 2568 313 2628 dum
327 2572 421 2638 cives,
439 2589 537 2629 verum
556 2573 696 2644 corrumpi
715 2573 866 2648 patiantur.
884 2571 923 2630 At

244 2647 294 2708 iste
320 2647 500 2708 delendarum
521 2651 634 2730 cupidus
659 2649 840 2720 bibonum,
863 2648 922 2730 qud

246 2729 374 2808 deinceps
405 2727 498 2788 mitids
531 2749 660 2814 ageret,
688 2729 922 2790 necessitudinem

169 2812 171 2816 ’
244 2809 313 2874 facti
326 2807 421 2874 ucisci
431 2810 550 2885 maluit,
568 2832 604 2872 ne
621 2811 756 2892 paulatim
773 2809 820 2892 spe
833 2814 923 2872 venie
