2142 3664
239 338 305 422 258
391 332 516 406 Anu.
545 329 761 402 Vrcron

237 471 333 512 mmet
347 475 357 522 3
377 454 480 532 quippe
499 449 661 510 conditione
681 451 737 509 loci
752 444 859 508 mututlr
872 467 920 529 pe·

235 535 343 612 joribus
357 534 471 614 flagitiis
488 534 630 612 agitatur,
645 531 713 590 dum
738 529 845 588 avidiris
865 552 920 609 pe-

233 611 382 682 ¹riculosa,
397 609 552 692 quibusque
567 611 700 672 mortales
714 607 916 690 prohibentur,

258 711 343 752 erunt.
368 692 433 752 Huc
463 693 595 760 accedit,
622 691 700 772 quod
727 691 813 774 longo
841 689 919 750 aliud

237 711 420 834 Etruscorum
445 791 515 832 artes
543 775 725 843 cecinerunt,
749 793 809 852 quae
833 771 918 831 bonis

236 872 313 934 parte
322 852 442 934 plurimi
452 853 605 932 jacentibus
613 853 813 912 mollissimum
821 871 916 932 quemf

237 955 291 1014 que
308 935 420 994 beutum
433 931 493 992 fore
512 929 672 998 afferebant.
689 933 746 992 Eos
760 953 813 1015 ego
832 935 920 1013 iguo-

234 1008 303 1074 rdlle
326 1035 424 1082 verum
447 1014 529 1094 plunb
572 1033 630 1072 uto.
652 1013 766 1072 Etenim
788 1016 918 1093 quamvis

237 1115 330 1154 rerunt
350 1099 479 1156 omnium
499 1035 629 1174 prolpero
650 1090 791 1160 succellu,
811 1092 919 1172 pudore

238 1173 338 1235 amill'o
352 1196 470 1244 tamen,
492 1173 649 1234 fortunatus
664 1177 726 1254 quis
741 1169 792 1232 elle
806 1171 918 1252 potestl

158 1257 160 1262 ’
238 1256 302 1315 crim
317 1255 418 1315 eodem
432 1274 559 1324 retento,
575 1274 670 1314 caetera
681 1255 838 1314 tolerabilia
852 1255 917 1314 sint.

237 1333 292 1396 His
315 1333 381 1396 allis
408 1335 466 1395 filio
491 1337 566 1397 Urbi
589 1333 709 1404 reliclo,
734 1331 792 1416 ipse
816 1355 921 1415 quam·

237 1437 324 1496 quam
345 1416 432 1476 debili
451 1437 498 1496 per
521 1434 630 1476 aetatem
652 1435 767 1494 corpore
786 1461 795 1486 ,
814 1414 922 1474 adver-

238 1497 298 1556 srim
308 1497 429 1556 Decium
441 1495 576 1576 profeflus
585 1497 723 1566 ,Veronae
734 1495 827 1564 cadit,
838 1493 918 1575 pulso

239 1574 394 1658 amilloquc
405 1580 534 1638 exercitu.
550 1575 622 1654 Quis
636 1577 734 1636 Romae
747 1577 897 1656 'compertis
906 1621 918 1645 ,

238 1658 313 1737 apud
327 1657 414 1718 castri
432 1659 566 1718 Praetoria
580 1655 653 1716 filius
671 1653 844 1717 interficitur.
856 1657 922 1716 An·

172 1767 181 1776 ·
238 1753 291 1798 nos
310 1742 440 1818 potentiae
458 1741 581 1819 quinque
600 1739 691 1820 eglrc.

279 1818 420 1878 XXIX.
444 1819 481 1878 Et
501 1820 606 1878 Decius
633 1819 829 1878 Sirmie‘nsium
853 1820 920 1878 vico

239 1918 342 1968 ortus,
362 1900 468 1958 militia:
490 1899 580 1982 gradu
604 1898 641 1958 ad
660 1899 814 1978 Imperium
838 1895 923 1958 cons·

226 1983 378 2060 piraverat
390 2026 401 2048 ,
415 1981 559 2060 laetiorque
579 1976 702 2040 hostium
719 1999 785 2038 nece
800 2024 809 2050 ‚
829 1976 921 2039 filium

239 2059 390 2139 Etruscum
415 2063 558 2131 nomine,
580 2057 722 2120 Caesarein
743 2058 811 2119 facit
831 2081 841 2129 3
865 2057 922 2119 lla·

240 2143 349 2222 timque
376 2163 410 2200 eo
433 2144 463 2202 in
491 2142 603 2222 Illyrios
632 2137 797 2220 praemill'o,
820 2139 921 2205 Romae

170 2243 173 2248 ’
243 2220 419 2303 aliquantdm
444 2242 568 2282 moretur
582 2224 719 2281 moenium
733 2218 844 2303 gratia,
860 2241 922 2300 quae

242 2301 361 2363 instituit
373 2349 381 2372 ,
393 2302 622 2364 dedicandorum.
638 2302 676 2361 Et
688 2299 795 2362 interei
808 2301 842 2360 ad
857 2321 923 2361 eum

241 2383 384 2462 Jotapiani
406 2387 480 2464 (qui
504 2381 659 2442 Alexandri
682 2401 793 2442 tumens
815 2380 922 2460 stirpe,

241 2484 291 2544 pet
311 2465 423 2544 Syriam
443 2483 552 2524 tentans
573 2485 671 2534 nova,
692 2464 813 2524 militum
840 2461 921 2521 arbi·

242 2547 298 2604 trio
318 2545 515 2618 occubuerat)
533 2565 605 2612 ont,
628 2547 669 2604 uti
690 2566 753 2606 mos
767 2540 832 2612 ¹est,
858 2545 925 2602 ino·

242 2622 341 2764 pinati)
368 2624 524 2694 feruntu13
546 2625 683 2706 simulque
709 2645 757 2705 per
783 2645 831 2683 eos
862 2621 923 2682 dies

270 2707 333 2766 ucio
357 2705 480 2775 Prisco,
503 2707 560 2786 qui,
575 2706 750 2766 Macedonas
776 2703 926 2784 praesidatu

244 2787 390 2869 regebat,
419 2783 510 2845 delata
536 2784 694 2846 dominatio
720 2831 731 2855 ,
760 2781 924 2846 Gothorum

245 2865 380 2928 concursu
392 2915 403 2938 ,
417 2864 565 2948 postquam
582 2866 697 2947 direptis
713 2863 845 2926 Thracio
861 2865 926 2946 ple·
