2110 3666
297 366 649 419 arraona
740 372 802 441 3η

127 467 173 529 vel
192 470 302 550 privato
326 468 512 530 contubernio
533 471 684 552 cognitos,
706 469 811 551 eosque

128 548 317 624 honoribus,
349 549 498 632 pecunid,
531 548 674 610 beneficiis
708 555 812 612 caeteris

129 653 296 703 munerare,
317 629 468 712 pracsertim
490 653 612 713 quorurn
634 652 700 716 erga
722 631 751 694 se
768 633 815 693 vel

129 731 237 793 patrem
251 710 349 794 aspero
366 711 431 773 casu
451 713 543 774 officia
562 713 738 794 probaverat.
758 713 812 775 Illa

129 812 248 863 tamen,
269 795 370 876 quibus
391 795 532 874 Traianus
550 792 675 875 aspersus
688 793 746 866 est,
766 797 812 854 vi-

129 874 286 936 nolentiam
301 873 407 936 scilicet
417 879 445 936 &
462 875 622 956 cupidinem
638 874 814 956 triumphan-

130 955 183 1028 di,
205 955 291 1038 usque
310 955 345 1017 εὸ
362 955 528 1027 detestatus,
547 976 577 1016 ut
587 956 662 1016 bella
675 967 734 1016 n'un
748 977 814 1018 ruo-

130 1039 226 1110 vetit,
248 1035 296 1098 sed
321 1041 479 1107 invenerim
502 1035 730 1120 prohibueritque
750 1039 814 1179 l‘qge

9 1113 10 1116 ¹
56 1151 59 1156 ·
131 1117 285 1180 ministeria
304 1117 408 1180 lasciva
432 1117 613 1201 psaltriasque
641 1140 752 1180 comme
776 1143 812 1180 a-

131 1202 255 1261 tionibus
274 1197 424 1271 adhibeti3
441 1217 552 1262 tantum
568 1200 668 1282 pudori
688 1202 815 1262 tribuens

131 1289 160 1342 &
179 1284 378 1352 commentia,
397 1301 428 1342 ut
447 1281 678 1345 consobrinarum
702 1286 815 1363 nuptias

132 1365 268 1434 vetuerit,
290 1383 438 1444 tamquam
466 1361 603 1424 sororum.
629 1364 765 1435 Litteris,
790 1367 815 1425 si

131 1442 252 1504 nirnitim
274 1444 412 1524 perfedtos
433 1446 677 1525 contemplemur,
696 1446 813 1506 medio-

131 1527 216 1586 criter
241 1525 368 1597 destus3
395 1523 481 1607 sagax
508 1527 612 1606 plane,
638 1525 815 1609 multtimque

132 1605 253 1690 diligens
278 1607 314 1666 ad
339 1605 482 1667 noscenda
505 1611 645 1686 majorum
674 1605 759 1690 gesta.»
787 1609 815 1669 E

133 1689 235 1828 quibus
259 1710 318 1748 non
346 1687 489 1750 desinebat
516 1687 670 1760 exsecrari,
693 1710 815 1770 quotum

146 1767 207 1831 atta
234 1767 373 1851 superba,
397 1769 544 1841 crudelia,
571 1770 748 1852 libertatique
769 1773 815 1831 in-

134 1849 203 1910 festa
219 1851 346 1935 legerat,
366 1869 397 1910 ut
415 1849 565 1922 Cinnam,
584 1851 729 1923 Marium,
750 1853 816 1914 Sul·

133 1932 268 2014 lamque,
290 1951 375 2014 atque
400 1929 543 1992 universos
573 1932 815 2007 dominantium,

134 2013 271 2094 precipue
288 2032 384 2074 tamen
401 2011 521 2094 perfidos
537 2023 563 2074 δι
579 2016 714 2098 ingratos.
729 2013 816 2075 Irasci

135 2091 202 2154 saud
218 2095 298 2156 rebus
317 2093 460 2177 indignis,
483 2092 531 2154 sed
552 2097 626 2155 flesti
643 2094 720 2166 εἰτὸ,
741 2095 817 2156 unde

135 2171 250 2236 modici
271 2175 406 2236 dilatione
427 2175 643 2236 emolliebantur
661 2175 816 2257 aliquando

135 2254 230 2320 severa
247 2276 392 2339 praecepta.
414 2257 579 2338 Habuitque
598 2255 614 2316 ὲ
631 2277 736 2316 naturae
755 2279 817 2318 rnu-

133 2359 225 2410 nere,
245 2337 323 2420 quod
342 2335 519 2422 Augustusl
541 2335 727 2479 philosoghiae
746 2339 818 2400 doc·

135 2437 205 2480 rore.
225 2419 286 2498 Qui
300 2419 365 2480 edm
377 2416 487 2480 vidisset
504 2439 569 2479 eum
588 2418 656 2480 sacil
685 2440 818 2482 commo·

135 2503 217 2572 veri,
236 2521 272 2562 ne
293 2499 421 2582 aspenrm
444 2500 553 2582 aliquid
577 2499 728 2574 statueret,
750 2524 817 2564 mo·

136 2583 219 2652 nuit,
244 2582 293 2642 ubi
317 2579 399 2644 irasci
422 2579 566 2664 coepiffet,
590 2601 710 2665 quatuor
733 2603 818 2666 atque

137 2663 241 2746 viginti
271 2663 383 2724 Graecas
408 2664 512 2724 litteras
535 2667 675 2724 memoria
692 2665 818 2725 recense-

137 2762 199 2814 ret,
218 2763 249 2804 ιιι
263 2745 312 2810 illa
329 2747 500 2818 concitatio,
520 2765 581 2824 quae
601 2747 741 2806 momenti
759 2745 816 2817 est,

139 2843 233 2884 mente
257 2824 315 2885 alib
337 2824 485 2897 tradueld,
507 2828 586 2904 parvi
613 2828 746 2907 temporis
771 2831 816 2887 in-

138 2904 251 2985 terjeslu
272 2904 471 2990 languesceret.
491 2905 598 2966 Melior
615 2904 818 2980 hauddubie,

139 2987 218 3068 quod
237 2986 275 3050 est
291 3009 359 3052 rarae
379 2989 488 3051 virtutis
500 3031 511 3061 ,
525 2985 587 3070 post
609 2987 718 3050 audiam
737 2991 818 3054 anuis

635 3070 710 3168 Pu¹
