<?xml version="1.0" encoding="UTF-8"?>
<!DOCTYPE html PUBLIC "-//W3C//DTD XHTML 1.0 Transitional//EN"
    "http://www.w3.org/TR/xhtml1/DTD/xhtml1-transitional.dtd">
<html xmlns="http://www.w3.org/1999/xhtml" xml:lang="en" lang="en">
 <head>
  <title>
</title>
<meta http-equiv="Content-Type" content="text/html;charset=utf-8" />
  <meta name='ocr-system' content='tesseract 3.04.00' />
  <meta name='ocr-capabilities' content='ocr_page ocr_carea ocr_par ocr_line ocrx_word'/>
</head>
<body>
  <div class='ocr_page' id='page_1' title='image "./eutropiisextaur00victgoog_0119.png"; bbox 0 0 2134 3668; ppageno 0'>
   <div class='ocr_carea' id='block_1_1' title="bbox 219 249 710 324">
    <p class='ocr_par' dir='ltr' id='par_1_1' title="bbox 219 249 710 324">
     <span class='ocr_line' id='line_1_1' title="bbox 219 249 710 324; baseline -0.012 0"><span class='ocrx_word' id='word_1_1' title='bbox 219 277 287 324; x_wconf 82' lang='lat'>110</span> <span class='ocrx_word' id='word_1_2' title='bbox 396 249 710 319; x_wconf 70' lang='lat' dir='ltr'>Euunorir</span> 
     </span>
    </p>
   </div>
   <div class='ocr_carea' id='block_1_2' title="bbox 145 367 973 2806">
    <p class='ocr_par' dir='ltr' id='par_1_2' title="bbox 145 367 973 2806">
     <span class='ocr_line' id='line_1_2' title="bbox 208 367 902 510; baseline -0.001 -78"><span class='ocrx_word' id='word_1_3' title='bbox 208 373 343 434; x_wconf 73' lang='lat' dir='ltr'>Africam</span> <span class='ocrx_word' id='word_1_4' title='bbox 385 369 648 510; x_wconf 73' lang='lat' dir='ltr'>Quinquepenriani</span> <span class='ocrx_word' id='word_1_5' title='bbox 689 367 851 431; x_wconf 81' lang='lat' dir='ltr'>infestarent</span> <span class='ocrx_word' id='word_1_6' title='bbox 883 381 902 442; x_wconf 69' lang='lat'>,‘</span> 
     </span>
     <span class='ocr_line' id='line_1_3' title="bbox 215 449 895 522; baseline -0.003 -8"><span class='ocrx_word' id='word_1_7' title='bbox 215 453 337 514; x_wconf 84' lang='lat' dir='ltr'>Narseus</span> <span class='ocrx_word' id='word_1_8' title='bbox 357 451 467 510; x_wconf 84' lang='lat' dir='ltr'>Orienti</span> <span class='ocrx_word' id='word_1_9' title='bbox 490 452 524 510; x_wconf 87' lang='lat' dir='ltr'>be</span> <span class='ocrx_word' id='word_1_10' title='bbox 537 452 595 510; x_wconf 89' lang='lat' dir='ltr'>lum</span> <span class='ocrx_word' id='word_1_11' title='bbox 616 449 750 522; x_wconf 82' lang='lat' dir='ltr'>inferrer3</span> <span class='ocrx_word' id='word_1_12' title='bbox 770 453 895 512; x_wconf 85' lang='lat' dir='ltr'>Diocle·</span> 
     </span>
     <span class='ocr_line' id='line_1_4' title="bbox 216 531 896 594; baseline -0.003 0"><span class='ocrx_word' id='word_1_13' title='bbox 216 537 307 594; x_wconf 88' lang='lat' dir='ltr'>tianus</span> <span class='ocrx_word' id='word_1_14' title='bbox 325 534 536 594; x_wconf 83' lang='lat' dir='ltr'>Maximianum</span> <span class='ocrx_word' id='word_1_15' title='bbox 554 532 720 592; x_wconf 83' lang='lat' dir='ltr'>Herculium</span> <span class='ocrx_word' id='word_1_16' title='bbox 734 553 767 592; x_wconf 84' lang='lat' dir='ltr'>ex</span> <span class='ocrx_word' id='word_1_17' title='bbox 784 531 896 594; x_wconf 82' lang='lat' dir='ltr'>Caesare</span> 
     </span>
     <span class='ocr_line' id='line_1_5' title="bbox 217 611 899 696; baseline 0 -22"><span class='ocrx_word' id='word_1_18' title='bbox 217 613 285 675; x_wconf 89' lang='lat' dir='ltr'>fecit</span> <span class='ocrx_word' id='word_1_19' title='bbox 293 612 451 696; x_wconf 82' lang='lat' dir='ltr'>Augustum</span> <span class='ocrx_word' id='word_1_20' title='bbox 463 659 472 684; x_wconf 90' lang='lat'>,</span> <span class='ocrx_word' id='word_1_21' title='bbox 485 611 685 674; x_wconf 86' lang='lat' dir='ltr'>Constantium</span> <span class='ocrx_word' id='word_1_22' title='bbox 701 623 728 674; x_wconf 87' lang='lat'>&amp;</span> <span class='ocrx_word' id='word_1_23' title='bbox 739 613 899 674; x_wconf 88' lang='lat' dir='ltr'>Maximia-</span> 
     </span>
     <span class='ocr_line' id='line_1_6' title="bbox 217 693 897 775; baseline -0.003 -19"><span class='ocrx_word' id='word_1_24' title='bbox 217 718 286 756; x_wconf 88' lang='lat' dir='ltr'>num</span> <span class='ocrx_word' id='word_1_25' title='bbox 302 693 438 758; x_wconf 80' lang='lat' dir='ltr'>‚Caesares</span> <span class='ocrx_word' id='word_1_26' title='bbox 460 717 465 751; x_wconf 94' lang='lat'><strong>:</strong></span> <span class='ocrx_word' id='word_1_27' title='bbox 491 715 611 774; x_wconf 89' lang='lat' dir='ltr'>quorum</span> <span class='ocrx_word' id='word_1_28' title='bbox 641 693 825 754; x_wconf 85' lang='lat' dir='ltr'>Constantius</span> <span class='ocrx_word' id='word_1_29' title='bbox 849 717 897 775; x_wconf 88' lang='lat' dir='ltr'>per</span> 
     </span>
     <span class='ocr_line' id='line_1_7' title="bbox 217 774 896 856; baseline -0.001 -18"><span class='ocrx_word' id='word_1_30' title='bbox 217 776 307 838; x_wconf 81' lang='lat' dir='ltr'>filiam</span> <span class='ocrx_word' id='word_1_31' title='bbox 328 797 414 856; x_wconf 80' lang='lat' dir='ltr'>nepas</span> <span class='ocrx_word' id='word_1_32' title='bbox 436 775 553 836; x_wconf 79' lang='lat' dir='ltr'>Claudii</span> <span class='ocrx_word' id='word_1_33' title='bbox 573 774 689 836; x_wconf 80' lang='lat' dir='ltr'>traditur</span> <span class='ocrx_word' id='word_1_34' title='bbox 701 798 711 846; x_wconf 82' lang='lat'>3</span> <span class='ocrx_word' id='word_1_35' title='bbox 734 776 896 853; x_wconf 49' lang='lat' dir='ltr'>Maximiaf</span> 
     </span>
     <span class='ocr_line' id='line_1_8' title="bbox 199 854 910 940; baseline -0.003 -20"><span class='ocrx_word' id='word_1_36' title='bbox 199 881 271 936; x_wconf 78' lang='lat' dir='ltr'>nus</span> <span class='ocrx_word' id='word_1_37' title='bbox 288 859 416 920; x_wconf 87' lang='lat' dir='ltr'>Galerius</span> <span class='ocrx_word' id='word_1_38' title='bbox 437 859 466 916; x_wconf 88' lang='lat' dir='ltr'>in</span> <span class='ocrx_word' id='word_1_39' title='bbox 483 855 576 916; x_wconf 71' lang='lat' dir='ltr'>Dacia</span> <span class='ocrx_word' id='word_1_40' title='bbox 594 854 670 916; x_wconf 83' lang='lat' dir='ltr'>haud</span> <span class='ocrx_word' id='word_1_41' title='bbox 688 857 774 940; x_wconf 73' lang='lat' dir='ltr'>longe</span> <span class='ocrx_word' id='word_1_42' title='bbox 793 855 809 916; x_wconf 75' lang='lat' dir='ltr'>ir</span> <span class='ocrx_word' id='word_1_43' title='bbox 829 859 910 918; x_wconf 86' lang='lat' dir='ltr'>Sar·-</span> 
     </span>
     <span class='ocr_line' id='line_1_9' title="bbox 218 939 897 1018; baseline -0.007 -14"><span class='ocrx_word' id='word_1_44' title='bbox 218 939 283 1004; x_wconf 66' lang='lat' dir='ltr'>dict</span> <span class='ocrx_word' id='word_1_45' title='bbox 305 959 394 1000; x_wconf 85' lang='lat' dir='ltr'>natus.</span> <span class='ocrx_word' id='word_1_46' title='bbox 414 941 509 1018; x_wconf 79' lang='lat' dir='ltr'>Atque</span> <span class='ocrx_word' id='word_1_47' title='bbox 533 957 563 996; x_wconf 90' lang='lat' dir='ltr'>ur</span> <span class='ocrx_word' id='word_1_48' title='bbox 585 957 633 998; x_wconf 84' lang='lat' dir='ltr'>eos</span> <span class='ocrx_word' id='word_1_49' title='bbox 653 940 739 998; x_wconf 84' lang='lat' dir='ltr'>etiarn</span> <span class='ocrx_word' id='word_1_50' title='bbox 762 939 897 1000; x_wconf 86' lang='lat' dir='ltr'>affinitate</span> 
     </span>
     <span class='ocr_line' id='line_1_10' title="bbox 218 1017 904 1102; baseline -0.003 -20"><span class='ocrx_word' id='word_1_51' title='bbox 218 1027 422 1099; x_wconf 72' lang='lat' dir='ltr'>conjungerer,</span> <span class='ocrx_word' id='word_1_52' title='bbox 441 1017 625 1080; x_wconf 85' lang='lat' dir='ltr'>Constantius</span> <span class='ocrx_word' id='word_1_53' title='bbox 645 1021 804 1102; x_wconf 84' lang='lat' dir='ltr'>privignam</span> <span class='ocrx_word' id='word_1_54' title='bbox 823 1020 904 1080; x_wconf 86' lang='lat' dir='ltr'>Her--</span> 
     </span>
     <span class='ocr_line' id='line_1_11' title="bbox 218 1099 907 1182; baseline -0.003 -18"><span class='ocrx_word' id='word_1_55' title='bbox 218 1104 286 1164; x_wconf 77' lang='lat' dir='ltr'>culii</span> <span class='ocrx_word' id='word_1_56' title='bbox 309 1101 494 1162; x_wconf 74' lang='lat' dir='ltr'>Theodoram</span> <span class='ocrx_word' id='word_1_57' title='bbox 519 1103 647 1180; x_wconf 80' lang='lat' dir='ltr'>accepit,</span> <span class='ocrx_word' id='word_1_58' title='bbox 668 1121 701 1159; x_wconf 86' lang='lat' dir='ltr'>ex</span> <span class='ocrx_word' id='word_1_59' title='bbox 725 1099 779 1182; x_wconf 68' lang='lat' dir='ltr'>qui</span> <span class='ocrx_word' id='word_1_60' title='bbox 803 1099 907 1181; x_wconf 65' lang='lat' dir='ltr'>postea⁴</span> 
     </span>
     <span class='ocr_line' id='line_1_12' title="bbox 219 1179 897 1252; baseline -0.004 -9"><span class='ocrx_word' id='word_1_61' title='bbox 219 1179 268 1244; x_wconf 82' lang='lat' dir='ltr'>sex</span> <span class='ocrx_word' id='word_1_62' title='bbox 289 1184 409 1252; x_wconf 85' lang='lat' dir='ltr'>liberos,</span> <span class='ocrx_word' id='word_1_63' title='bbox 428 1179 610 1243; x_wconf 80' lang='lat' dir='ltr'>Constantini</span> <span class='ocrx_word' id='word_1_64' title='bbox 631 1181 750 1252; x_wconf 87' lang='lat' dir='ltr'>fratres,</span> <span class='ocrx_word' id='word_1_65' title='bbox 769 1179 868 1243; x_wconf 85' lang='lat' dir='ltr'>habuit</span> <span class='ocrx_word' id='word_1_66' title='bbox 889 1205 897 1240; x_wconf 82' lang='lat' dir='ltr'>r</span> 
     </span>
     <span class='ocr_line' id='line_1_13' title="bbox 219 1261 899 1342; baseline 0 -20"><span class='ocrx_word' id='word_1_67' title='bbox 219 1265 350 1328; x_wconf 80' lang='lat' dir='ltr'>Galerius</span> <span class='ocrx_word' id='word_1_68' title='bbox 380 1261 470 1322; x_wconf 84' lang='lat' dir='ltr'>filiam</span> <span class='ocrx_word' id='word_1_69' title='bbox 504 1263 680 1324; x_wconf 79' lang='lat' dir='ltr'>Diocletiani</span> <span class='ocrx_word' id='word_1_70' title='bbox 710 1263 857 1342; x_wconf 79' lang='lat' dir='ltr'>Valeriam</span> <span class='ocrx_word' id='word_1_71' title='bbox 890 1285 899 1322; x_wconf 83' lang='lat' dir='ltr'>t</span> 
     </span>
     <span class='ocr_line' id='line_1_14' title="bbox 219 1343 901 1424; baseline -0.001 -19"><span class='ocrx_word' id='word_1_72' title='bbox 219 1347 307 1406; x_wconf 84' lang='lat' dir='ltr'>ambo</span> <span class='ocrx_word' id='word_1_73' title='bbox 328 1365 449 1415; x_wconf 83' lang='lat' dir='ltr'>uxores,</span> <span class='ocrx_word' id='word_1_74' title='bbox 466 1365 536 1424; x_wconf 88' lang='lat' dir='ltr'>quas</span> <span class='ocrx_word' id='word_1_75' title='bbox 555 1343 732 1416; x_wconf 87' lang='lat' dir='ltr'>habuerant,</span> <span class='ocrx_word' id='word_1_76' title='bbox 755 1345 901 1424; x_wconf 89' lang='lat' dir='ltr'>repudiare</span> 
     </span>
     <span class='ocr_line' id='line_1_15' title="bbox 219 1423 951 1506; baseline 0.004 -21"><span class='ocrx_word' id='word_1_77' title='bbox 219 1427 367 1506; x_wconf 87' lang='lat' dir='ltr'>compulsi.</span> <span class='ocrx_word' id='word_1_78' title='bbox 381 1425 459 1486; x_wconf 87' lang='lat' dir='ltr'>Cum</span> <span class='ocrx_word' id='word_1_79' title='bbox 471 1425 612 1486; x_wconf 85' lang='lat' dir='ltr'>Carausio</span> <span class='ocrx_word' id='word_1_80' title='bbox 622 1445 735 1496; x_wconf 85' lang='lat' dir='ltr'>tamen,</span> <span class='ocrx_word' id='word_1_81' title='bbox 748 1423 812 1486; x_wconf 84' lang='lat' dir='ltr'>crim</span> <span class='ocrx_word' id='word_1_82' title='bbox 824 1426 902 1488; x_wconf 81' lang='lat' dir='ltr'>bella</span> <span class='ocrx_word' id='word_1_83' title='bbox 948 1456 951 1465; x_wconf 65' lang='lat'>¹</span> 
     </span>
     <span class='ocr_line' id='line_1_16' title="bbox 220 1502 901 1574; baseline -0.003 -6"><span class='ocrx_word' id='word_1_84' title='bbox 220 1505 318 1574; x_wconf 70' lang='lat' dir='ltr'>frustra</span> <span class='ocrx_word' id='word_1_85' title='bbox 336 1526 443 1568; x_wconf 84' lang='lat' dir='ltr'>tentata</span> <span class='ocrx_word' id='word_1_86' title='bbox 459 1502 543 1568; x_wconf 82' lang='lat' dir='ltr'>essent</span> <span class='ocrx_word' id='word_1_87' title='bbox 561 1526 659 1570; x_wconf 74' lang='lat' dir='ltr'>centra</span> <span class='ocrx_word' id='word_1_88' title='bbox 678 1509 770 1568; x_wconf 87' lang='lat' dir='ltr'>virum</span> <span class='ocrx_word' id='word_1_89' title='bbox 786 1509 827 1566; x_wconf 86' lang='lat' dir='ltr'>rei</span> <span class='ocrx_word' id='word_1_90' title='bbox 839 1509 901 1568; x_wconf 80' lang='lat' dir='ltr'>&#39;mi-</span> 
     </span>
     <span class='ocr_line' id='line_1_17' title="bbox 218 1587 907 1670; baseline -0.001 -21"><span class='ocrx_word' id='word_1_91' title='bbox 218 1589 307 1650; x_wconf 80' lang='lat' dir='ltr'>litatis</span> <span class='ocrx_word' id='word_1_92' title='bbox 332 1590 555 1668; x_wconf 65' lang='lat' dir='ltr'>peritissimum,</span> <span class='ocrx_word' id='word_1_93' title='bbox 583 1588 621 1662; x_wconf 85' lang='lat' dir='ltr'>ad</span> <span class='ocrx_word' id='word_1_94' title='bbox 647 1587 815 1670; x_wconf 77' lang='lat' dir='ltr'>postremum</span> <span class='ocrx_word' id='word_1_95' title='bbox 847 1610 907 1670; x_wconf 63' lang='lat' dir='ltr'>paxv</span> 
     </span>
     <span class='ocr_line' id='line_1_18' title="bbox 153 1668 900 1750; baseline 0.004 -22"><span class='ocrx_word' id='word_1_96' title='bbox 153 1677 157 1681; x_wconf 87' lang='lat'>&#39;</span> <span class='ocrx_word' id='word_1_97' title='bbox 220 1671 361 1730; x_wconf 87' lang='lat' dir='ltr'>convenit.</span> <span class='ocrx_word' id='word_1_98' title='bbox 382 1671 458 1740; x_wconf 81' lang='lat' dir='ltr'>Eum</span> <span class='ocrx_word' id='word_1_99' title='bbox 479 1669 540 1749; x_wconf 85' lang='lat' dir='ltr'>post</span> <span class='ocrx_word' id='word_1_100' title='bbox 558 1668 734 1750; x_wconf 77' lang='lat' dir='ltr'>septennium</span> <span class='ocrx_word' id='word_1_101' title='bbox 752 1669 900 1740; x_wconf 64' lang='lat' dir='ltr'>Alledius,</span> 
     </span>
     <span class='ocr_line' id='line_1_19' title="bbox 220 1749 902 1832; baseline 0 -22"><span class='ocrx_word' id='word_1_102' title='bbox 220 1750 311 1812; x_wconf 80' lang='lat' dir='ltr'>socius</span> <span class='ocrx_word' id='word_1_103' title='bbox 328 1756 407 1828; x_wconf 80' lang='lat' dir='ltr'>ejus,</span> <span class='ocrx_word' id='word_1_104' title='bbox 426 1749 552 1822; x_wconf 78' lang='lat' dir='ltr'>occidit,</span> <span class='ocrx_word' id='word_1_105' title='bbox 573 1771 657 1832; x_wconf 84' lang='lat' dir='ltr'>atque</span> <span class='ocrx_word' id='word_1_106' title='bbox 676 1749 735 1832; x_wconf 83' lang='lat' dir='ltr'>ipse</span> <span class='ocrx_word' id='word_1_107' title='bbox 756 1749 818 1830; x_wconf 83' lang='lat' dir='ltr'>post</span> <span class='ocrx_word' id='word_1_108' title='bbox 835 1773 902 1811; x_wconf 86' lang='lat' dir='ltr'>eum</span> 
     </span>
     <span class='ocr_line' id='line_1_20' title="bbox 220 1831 904 1913; baseline 0.007 -23"><span class='ocrx_word' id='word_1_109' title='bbox 220 1832 378 1898; x_wconf 80' lang='lat' dir='ltr'>Britannias</span> <span class='ocrx_word' id='word_1_110' title='bbox 398 1833 518 1892; x_wconf 82' lang='lat' dir='ltr'>triennia</span> <span class='ocrx_word' id='word_1_111' title='bbox 539 1834 629 1892; x_wconf 83' lang='lat' dir='ltr'>renuit</span> <span class='ocrx_word' id='word_1_112' title='bbox 647 1856 653 1890; x_wconf 74' lang='grc' dir='ltr'><strong>ι</strong></span> <span class='ocrx_word' id='word_1_113' title='bbox 673 1835 723 1913; x_wconf 80' lang='lat' dir='ltr'>qui</span> <span class='ocrx_word' id='word_1_114' title='bbox 741 1831 827 1894; x_wconf 72' lang='lat' dir='ltr'>dustu</span> <span class='ocrx_word' id='word_1_115' title='bbox 846 1831 904 1895; x_wconf 80' lang='lat' dir='ltr'>As·</span> 
     </span>
     <span class='ocr_line' id='line_1_21' title="bbox 221 1909 901 1994; baseline 0.007 -24"><span class='ocrx_word' id='word_1_116' title='bbox 221 1911 377 1992; x_wconf 83' lang='lat' dir='ltr'>clepiotloti</span> <span class='ocrx_word' id='word_1_117' title='bbox 392 1911 520 1991; x_wconf 74' lang='lat' dir='ltr'>prafeffl</span> <span class='ocrx_word' id='word_1_118' title='bbox 542 1915 671 1994; x_wconf 79' lang='lat' dir='ltr'>praetorio</span> <span class='ocrx_word' id='word_1_119' title='bbox 692 1912 731 1972; x_wconf 88' lang='lat' dir='ltr'>est</span> <span class='ocrx_word' id='word_1_120' title='bbox 751 1909 901 1994; x_wconf 77' lang='lat' dir='ltr'>oppressus.</span> 
     </span>
     <span class='ocr_line' id='line_1_22' title="bbox 220 1993 845 2074; baseline -0.006 -20"><span class='ocrx_word' id='word_1_121' title='bbox 220 1993 265 2054; x_wconf 83' lang='lat' dir='ltr'>Ita</span> <span class='ocrx_word' id='word_1_122' title='bbox 286 1994 434 2057; x_wconf 73' lang='lat' dir='ltr'>Britannia</span> <span class='ocrx_word' id='word_1_123' title='bbox 453 1993 566 2054; x_wconf 83' lang='lat' dir='ltr'>decimo</span> <span class='ocrx_word' id='word_1_124' title='bbox 584 2017 661 2056; x_wconf 88' lang='lat' dir='ltr'>anno</span> <span class='ocrx_word' id='word_1_125' title='bbox 678 2013 801 2074; x_wconf 73' lang='lat' dir='ltr'>recepta.</span> <span class='ocrx_word' id='word_1_126' title='bbox 841 2047 845 2050; x_wconf 83' lang='lat'>.</span> 
     </span>
     <span class='ocr_line' id='line_1_23' title="bbox 261 2075 903 2156; baseline 0 -20"><span class='ocrx_word' id='word_1_127' title='bbox 261 2075 373 2136; x_wconf 85' lang='lat' dir='ltr'>XXIII.</span> <span class='ocrx_word' id='word_1_128' title='bbox 394 2075 446 2136; x_wconf 85' lang='lat' dir='ltr'>Per</span> <span class='ocrx_word' id='word_1_129' title='bbox 466 2075 542 2136; x_wconf 89' lang='lat' dir='ltr'>idem</span> <span class='ocrx_word' id='word_1_130' title='bbox 564 2096 673 2156; x_wconf 83' lang='lat' dir='ltr'>tempus</span> <span class='ocrx_word' id='word_1_131' title='bbox 695 2075 712 2136; x_wconf 55' lang='lat' dir='ltr'>*a</span> <span class='ocrx_word' id='word_1_132' title='bbox 731 2075 903 2140; x_wconf 85' lang='lat' dir='ltr'>Constantio</span> 
     </span>
     <span class='ocr_line' id='line_1_24' title="bbox 222 2149 904 2241; baseline -0.003 -21"><span class='ocrx_word' id='word_1_133' title='bbox 222 2149 336 2220; x_wconf 77' lang='lat' dir='ltr'>Caefan</span> <span class='ocrx_word' id='word_1_134' title='bbox 347 2158 384 2216; x_wconf 53' lang='lat' dir='ltr'>*in</span> <span class='ocrx_word' id='word_1_135' title='bbox 403 2156 499 2227; x_wconf 72' lang='lat' dir='ltr'>Gallia</span> <span class='ocrx_word' id='word_1_136' title='bbox 515 2176 673 2241; x_wconf 83' lang='lat' dir='ltr'>pugnatum</span> <span class='ocrx_word' id='word_1_137' title='bbox 691 2155 731 2216; x_wconf 85' lang='lat' dir='ltr'>est</span> <span class='ocrx_word' id='word_1_138' title='bbox 744 2159 818 2218; x_wconf 76' lang='lat' dir='ltr'>sitta</span> <span class='ocrx_word' id='word_1_139' title='bbox 833 2158 904 2218; x_wconf 78' lang='lat' dir='ltr'>Lin-</span> 
     </span>
     <span class='ocr_line' id='line_1_25' title="bbox 222 2236 906 2321; baseline 0.006 -25"><span class='ocrx_word' id='word_1_140' title='bbox 222 2259 312 2321; x_wconf 83' lang='lat' dir='ltr'>gonas</span> <span class='ocrx_word' id='word_1_141' title='bbox 327 2261 333 2294; x_wconf 89' lang='lat'><strong>:</strong></span> <span class='ocrx_word' id='word_1_142' title='bbox 349 2237 394 2296; x_wconf 86' lang='lat' dir='ltr'>die</span> <span class='ocrx_word' id='word_1_143' title='bbox 408 2237 464 2298; x_wconf 64' lang='lat' dir='ltr'>uni</span> <span class='ocrx_word' id='word_1_144' title='bbox 477 2237 623 2300; x_wconf 84' lang='lat' dir='ltr'>adversam</span> <span class='ocrx_word' id='word_1_145' title='bbox 639 2248 666 2298; x_wconf 73' lang='grc' dir='ltr'>δε</span> <span class='ocrx_word' id='word_1_146' title='bbox 682 2236 832 2304; x_wconf 77' lang='lat' dir='ltr'>secundam</span> <span class='ocrx_word' id='word_1_147' title='bbox 847 2238 906 2300; x_wconf 77' lang='lat' dir='ltr'>fot-</span> 
     </span>
     <span class='ocr_line' id='line_1_26' title="bbox 146 2317 904 2400; baseline 0.004 -23"><span class='ocrx_word' id='word_1_148' title='bbox 146 2331 151 2342; x_wconf 87' lang='lat'>·</span> <span class='ocrx_word' id='word_1_149' title='bbox 223 2338 321 2378; x_wconf 81' lang='lat' dir='ltr'>trinam</span> <span class='ocrx_word' id='word_1_150' title='bbox 338 2338 464 2397; x_wconf 83' lang='lat' dir='ltr'>expertus</span> <span class='ocrx_word' id='word_1_151' title='bbox 481 2317 528 2380; x_wconf 80' lang='lat' dir='ltr'>est.</span> <span class='ocrx_word' id='word_1_152' title='bbox 539 2321 618 2380; x_wconf 84' lang='lat' dir='ltr'>Nam</span> <span class='ocrx_word' id='word_1_153' title='bbox 632 2318 696 2378; x_wconf 83' lang='lat' dir='ltr'>crim</span> <span class='ocrx_word' id='word_1_154' title='bbox 710 2321 824 2400; x_wconf 74' lang='lat' dir='ltr'>tepente</span> <span class='ocrx_word' id='word_1_155' title='bbox 836 2321 904 2380; x_wconf 83' lang='lat' dir='ltr'>bar·</span> 
     </span>
     <span class='ocr_line' id='line_1_27' title="bbox 223 2397 904 2482; baseline 0.003 -24"><span class='ocrx_word' id='word_1_156' title='bbox 223 2397 296 2459; x_wconf 74' lang='lat' dir='ltr'>baris</span> <span class='ocrx_word' id='word_1_157' title='bbox 323 2401 540 2482; x_wconf 74' lang='lat' dir='ltr'>ingruentibus,</span> <span class='ocrx_word' id='word_1_158' title='bbox 565 2404 638 2462; x_wconf 79' lang='lat' dir='ltr'>intua</span> <span class='ocrx_word' id='word_1_159' title='bbox 665 2403 808 2462; x_wconf 73' lang='lat' dir='ltr'>civitatem</span> <span class='ocrx_word' id='word_1_160' title='bbox 828 2399 904 2467; x_wconf 16' lang='lat' dir='ltr'>vellet</span> 
     </span>
     <span class='ocr_line' id='line_1_28' title="bbox 223 2484 905 2562; baseline 0.003 -22"><span class='ocrx_word' id='word_1_161' title='bbox 223 2484 355 2552; x_wconf 58' lang='lat' dir='ltr'>cautius,</span> <span class='ocrx_word' id='word_1_162' title='bbox 372 2499 432 2540; x_wconf 85' lang='lat' dir='ltr'>tam</span> <span class='ocrx_word' id='word_1_163' title='bbox 446 2484 578 2562; x_wconf 75' lang='lat' dir='ltr'>praecipiti</span> <span class='ocrx_word' id='word_1_164' title='bbox 590 2485 771 2554; x_wconf 76' lang='lat' dir='ltr'>necessitate,</span> <span class='ocrx_word' id='word_1_165' title='bbox 783 2502 814 2542; x_wconf 89' lang='lat' dir='ltr'>ur</span> <span class='ocrx_word' id='word_1_166' title='bbox 826 2484 905 2542; x_wconf 86' lang='lat' dir='ltr'>clau-</span> 
     </span>
     <span class='ocr_line' id='line_1_29' title="bbox 223 2562 904 2642; baseline 0.001 -20"><span class='ocrx_word' id='word_1_167' title='bbox 223 2563 262 2622; x_wconf 82' lang='lat' dir='ltr'>sis</span> <span class='ocrx_word' id='word_1_168' title='bbox 277 2563 362 2642; x_wconf 87' lang='lat' dir='ltr'>portis</span> <span class='ocrx_word' id='word_1_169' title='bbox 381 2562 410 2620; x_wconf 89' lang='lat' dir='ltr'>in</span> <span class='ocrx_word' id='word_1_170' title='bbox 428 2581 539 2624; x_wconf 82' lang='lat' dir='ltr'>murum</span> <span class='ocrx_word' id='word_1_171' title='bbox 556 2563 669 2624; x_wconf 84' lang='lat' dir='ltr'>funibus</span> <span class='ocrx_word' id='word_1_172' title='bbox 683 2564 823 2624; x_wconf 82' lang='lat' dir='ltr'>tolleietut</span> <span class='ocrx_word' id='word_1_173' title='bbox 833 2609 843 2634; x_wconf 89' lang='lat'>,</span> <span class='ocrx_word' id='word_1_174' title='bbox 855 2566 904 2626; x_wconf 81' lang='lat' dir='ltr'>vix</span> 
     </span>
     <span class='ocr_line' id='line_1_30' title="bbox 145 2639 973 2723; baseline 0.001 -21"><span class='ocrx_word' id='word_1_175' title='bbox 145 2671 150 2690; x_wconf 65' lang='grc' dir='ltr'><strong>ν</strong></span> <span class='ocrx_word' id='word_1_176' title='bbox 246 2645 349 2723; x_wconf 79' lang='lat' dir='ltr'>uirique</span> <span class='ocrx_word' id='word_1_177' title='bbox 366 2639 442 2704; x_wconf 77' lang='lat' dir='ltr'>lintis</span> <span class='ocrx_word' id='word_1_178' title='bbox 459 2644 559 2706; x_wconf 84' lang='lat' dir='ltr'>inediis</span> <span class='ocrx_word' id='word_1_179' title='bbox 580 2647 748 2708; x_wconf 87' lang='lat' dir='ltr'>adventante</span> <span class='ocrx_word' id='word_1_180' title='bbox 767 2647 904 2715; x_wconf 71' lang='lat' dir='ltr'>exercitu,</span> <span class='ocrx_word' id='word_1_181' title='bbox 970 2687 973 2692; x_wconf 85' lang='lat'>-</span> 
     </span>
     <span class='ocr_line' id='line_1_31' title="bbox 225 2665 904 2806; baseline 0 -20"><span class='ocrx_word' id='word_1_182' title='bbox 225 2665 372 2806; x_wconf 73' lang='lat' dir='ltr'>lexnginra</span> <span class='ocrx_word' id='word_1_183' title='bbox 394 2723 450 2786; x_wconf 72' lang='lat' dir='ltr'>ferl</span> <span class='ocrx_word' id='word_1_184' title='bbox 469 2727 559 2789; x_wconf 87' lang='lat' dir='ltr'>millia</span> <span class='ocrx_word' id='word_1_185' title='bbox 577 2729 803 2798; x_wconf 71' lang='lat' dir='ltr'>Alamannorum</span> <span class='ocrx_word' id='word_1_186' title='bbox 826 2731 904 2786; x_wconf 89' lang='lat' dir='ltr'>teci-</span> 
     </span>
    </p>
   </div>
   <div class='ocr_carea' id='block_1_3' title="bbox 227 2795 916 2895">
    <p class='ocr_par' dir='ltr' id='par_1_3' title="bbox 227 2795 916 2895">
     <span class='ocr_line' id='line_1_32' title="bbox 227 2795 916 2895; baseline 0.003 -25"><span class='ocrx_word' id='word_1_187' title='bbox 227 2795 277 2894; x_wconf 77' lang='lat' dir='ltr'>tlit</span> <span class='ocrx_word' id='word_1_188' title='bbox 295 2807 488 2871; x_wconf 85' lang='lat' dir='ltr'>Maximianus</span> <span class='ocrx_word' id='word_1_189' title='bbox 507 2829 621 2894; x_wconf 87' lang='lat' dir='ltr'>quoque</span> <span class='ocrx_word' id='word_1_190' title='bbox 638 2806 779 2895; x_wconf 84' lang='lat' dir='ltr'>Augustus</span> <span class='ocrx_word' id='word_1_191' title='bbox 797 2808 916 2872; x_wconf 77' lang='lat' dir='ltr'>bellun-</span> 
     </span>
    </p>
   </div>
   <div class='ocr_carea' id='block_1_4' title="bbox 0 0 1088 3668">
    <p class='ocr_par' dir='ltr' id='par_1_4' title="bbox 0 0 1088 3668">
     <span class='ocr_line' id='line_1_33' title="bbox 0 0 1088 3668; baseline 0 0"><span class='ocrx_word' id='word_1_192' title='bbox 0 0 1088 3668; x_wconf 95' lang='lat' dir='ltr'> </span> 
     </span>
    </p>
   </div>
  </div>
 </body>
</html>
