2134 3668
269 285 333 369 178
416 277 537 350 Atra.
566 281 777 350 Vrcroa

266 403 369 483 Legati
390 399 485 460 Deum
505 398 659 471 vehentes,
682 399 802 460 Antium
824 403 950 480 provetii

267 481 332 544 sunt
357 505 364 539 ε
387 482 436 540 ubi
461 503 509 560 per
535 482 686 542 mollitiam
713 483 823 552 maris,
849 487 951 564 anguis

268 565 429 645 proximum
441 559 600 642 AEsculapii
614 559 712 622 fanum
726 564 827 642 petiit,
847 572 874 623 δε
888 561 952 644 post

269 665 373 725 paucos
391 642 449 703 dies
468 642 503 702 ad
525 664 627 704 navem
645 642 753 714 rediit;
770 651 797 702 δι
818 641 882 703 crim
903 644 953 704 ad-

232 754 236 760 ·
269 722 350 784 verso
370 724 469 784 Tiberi
489 722 709 794 subveheretur,
736 726 766 783 in
789 727 951 806 proximam

268 803 390 866 insulam
410 805 544 873 desiluit,
567 806 616 865 ubi
635 805 772 884 templum
794 807 820 864 ei
841 804 949 864 consti-

269 905 381 959 tutum,
395 895 422 947 δι
440 885 594 967 pestilentia
611 885 684 946 mirei
702 886 839 946 celeritate
856 883 954 947 sedata

268 967 314 1028 est.
942 1007 945 1014 -

311 1047 438 1109 XXIII.
463 1047 559 1108 Furius
580 1047 721 1108 Camillus
745 1045 808 1108 crim
828 1045 953 1108 Faliscos

271 1131 432 1224 obsidetet3
447 1151 479 1188 ac
498 1129 557 1188 ludi
572 1129 699 1188 litterarii
711 1127 860 1270 nippgister,
875 1129 955 1188 Prin·

273 1209 954 1373 {ltpdniisddiiisplrdriiinmuilidiitxredigtddlriiilg

273 1371 478 1433 verberandum
496 1371 619 1430 tradidit.
641 1372 744 1432 Statim
762 1371 863 1431 Falisci
880 1371 909 1432 se
928 1375 955 1430 ei

274 1455 313 1512 ob
332 1472 438 1514 tantam
456 1450 589 1530 justitiam
610 1451 782 1512 dediderunt.
798 1454 890 1513 Veios
904 1452 956 1512 de·

210 1569 212 1573 ,
275 1537 359 1594 cenni
383 1533 530 1594 obsidione
549 1533 682 1604 domuit,
697 1533 785 1613 deque
800 1531 842 1593 his
856 1536 957 1595 trium·

275 1614 383 1700 phavit.
409 1613 592 1674 Postmodum
625 1611 664 1672 est
691 1616 803 1674 crimini
829 1614 928 1674 datum
942 1661 955 1686 ,
1060 1621 1061 1634 ¹

275 1696 355 1780 qudd
371 1695 442 1756 albis
461 1699 537 1776 equis
555 1691 768 1774 triumphlffet‚
786 1705 813 1756 δι
832 1695 957 1775 praedam

275 1779 372 1860 inique
400 1773 530 1837 divisillet
554 1799 563 1847 3
587 1777 631 1836 die
654 1774 729 1836 diste
753 1777 789 1835 ab
816 1777 957 1857 Appuleio

275 1857 407 1920 -Tribuno
446 1858 539 1927 lebis,
563 1857 731 1928 damnatus,
745 1855 870 1917 Ardeam
889 1880 958 1918 con·

277 1943 367 2000 cessit.
393 1879 467 1997 Mirr
492 1935 556 1997 crim
581 1937 660 1999 Galli
685 1939 832 2009 Senones,
854 1939 959 1999 relidiis

275 2022 316 2080 ob
335 2018 507 2080 sterilitatem
528 2022 600 2101 agris
624 2018 699 2091 suis,
719 2019 850 2080 Clusium
870 2021 959 2080 Italiae

223 2139 227 2147 -
276 2101 413 2184 oppidum
430 2099 612 2170 obsiderent,
624 2103 701 2160 missi
713 2098 777 2160 sunt
789 2099 885 2160 Romi
903 2119 959 2160 tres

277 2183 384 2251 Fabii,
408 2184 457 2264 qui
477 2181 579 2242 Gallos
599 2201 769 2252 monerent,
787 2201 818 2241 ut
841 2182 877 2240 ab
899 2203 957 2262 op-

278 2266 451 2347 pugnatione
468 2261 635 2322 desisterent.
652 2263 696 2322 Ex
714 2260 758 2322 his
776 2282 846 2323 unus
859 2278 960 2323 contra

278 2349 321 2425 jus
342 2345 468 2430 gentium
487 2347 516 2404 in
533 2347 623 2403 aciem
643 2347 796 2424 processit,
809 2353 837 2404 δι
857 2343 960 2404 ducem

279 2427 425 2486 Senonum
442 2425 590 2485 interfecit.
612 2425 680 2502 Quo
700 2427 839 2484 commoti
856 2424 935 2485 Galli
946 2472 958 2495 ,

278 2511 371 2586 petitis
392 2508 422 2565 in
444 2503 616 2566 deditionem
641 2506 764 2590 legatis,
788 2526 839 2565 nec
861 2508 958 2584 impe-

278 2591 384 2657 tratis,
411 2585 536 2646 Romam
562 2589 727 2666 petienuit,
753 2596 780 2647 δι
806 2590 960 2648 exercitum

277 2669 443 2728 Romanum
470 2668 544 2748 apud
566 2669 673 2728 Alliam
699 2670 816 2727 fluvium
845 2669 959 2726 cecide-

278 2769 361 2822 runt,
382 2748 428 2808 die
446 2769 516 2810 xvi.
536 2750 654 2810 Kalend.
668 2749 715 2809 Au
736 2747 810 2818 usti,
832 2753 883 2830 qui
901 2749 962 2809 dies

279 2835 349 2891 inter
381 2826 502 2892 nefastos
532 2832 665 2904 relatus,
731 2831 825 2891 liensis
856 2831 958 2892 didius.
