2134 3668
312 323 495 397 ZJBER
535 327 672 397 VIII.
788 349 829 415 91

152 459 220 514 tur,
243 443 297 504 nisi
318 445 475 508 Frucroa
502 446 682 519 Aucusro,
707 465 834 508 samon

152 523 322 587 Traiano,
350 527 433 588 Adeo
461 530 490 588 in
519 549 553 587 eo
582 529 674 612 gloria
700 528 835 588 bonitatis

152 605 299 679 obtinuit,
321 627 353 668 ut
381 609 428 669 vel
455 605 675 680 ademarium,
693 609 747 671 ‘vel
771 609 836 669 veri

152 685 352 761 laudantibus,
367 693 546 750 occasionem
563 689 837 776 magnificentissimi

151 765 259 848 praestet
284 772 416 851 exempli.
792 781 793 784 ’

160 883 164 888 ·
196 849 248 909 VI.
270 849 415 912 Defundio
431 851 580 933 Trajano‚
599 849 694 912 AElius
712 850 837 912 Hadria·

152 950 205 990 nus
229 951 335 992 creatus
357 932 395 992 est
416 935 561 1013 princeps,
580 935 638 993 sine
658 931 753 1014 aliqui
772 935 837 1014 qui-

154 1009 221 1069 dem
240 1014 385 1073 voluntate
398 1013 536 1094 Trajani,
557 1012 606 1073 sed
623 1033 737 1093 operam
751 1013 837 1073 dante

153 1090 269 1153 Plotini
289 1093 408 1174 Trajami
429 1103 537 1166 uxore}
560 1116 627 1154 nam
651 1115 715 1153 eum
735 1093 839 1173 Traja-

153 1193 226 1244 nus,
243 1195 318 1256 quan
340 1197 406 1235 uam
426 1175 600 1236 consobrinae
621 1173 733 1244 filium,
755 1177 837 1235 vivus

153 1254 283 1314 noluerat
307 1197 449 1338 adoptare.
479 1256 619 1318 Natus&
646 1255 704 1335 ipse
732 1255 837 1316 Italica

156 1335 188 1392 in
204 1334 364 1418 Hispanii,
386 1341 436 1419 qui
454 1337 572 1418 Trajani
591 1340 687 1420 gloriae
709 1337 838 1398 invidens

155 1413 250 1475 statim
272 1421 429 1499 provincias
449 1434 502 1480 tres
526 1420 659 1499 reliquit,
681 1439 750 1500 quas
763 1415 838 1480 Tra-

155 1501 236 1577 janus
257 1499 426 1571 addiderat3
448 1507 475 1560 &
497 1499 531 1560 de
551 1497 679 1582 Assyrii,
697 1498 838 1580 Mesopo-

156 1577 269 1651 tamiis,
298 1590 325 1641 &
352 1579 487 1640 Armenii
510 1583 653 1640 revocavit
680 1583 837 1652 exercitus,

157 1680 192 1717 ac
215 1657 301 1718 finem
329 1663 440 1742 imperii
469 1658 520 1720 effe
547 1662 637 1721 voluit
664 1658 837 1742 Euphraten.
922 1684 925 1692 ·

155 1739 239 1799 Idem
266 1741 300 1800 de
325 1740 418 1802 Dacii
444 1741 534 1802 facere
561 1760 723 1811 conatum,
752 1743 840 1802 amici

157 1819 366 1895 deterruerunt,
387 1844 422 1882 ne
439 1823 521 1883 multi
540 1825 613 1884 cives
629 1821 754 1882 Romani
768 1824 837 1882 bar·

158 1901 234 1962 baris
262 1905 432 1964 traderentur
455 1929 462 1963 ε
488 1924 632 1986 propterea
656 1902 735 1985 quod
758 1903 847 1964 Tra--

156 1986 239 2064 janus
250 2014 270 2055 ,·
279 1984 355 2046 vicii
369 1984 482 2056 Dacid,
500 2008 533 2045 ex
546 2005 608 2045 toto
621 1985 689 2044 orbe
703 1985 838 2046 Romano

158 2064 283 2126 infinitas
302 2066 337 2127 ed
358 2069 452 2146 copias
473 2065 623 2126 hominum
644 2064 837 2140 transtulerat,

160 2146 199 2206 ad
225 2169 307 2231 agros
331 2157 358 2208 δι
381 2149 461 2206 urbes
480 2147 619 2206 colendas.
646 2147 738 2205 Dacia
762 2149 838 2207 enim

161 2227 293 2289 diuturno
319 2229 394 2288 bello
419 2228 551 2288 Decibaii
575 2229 642 2287 viris
672 2225 761 2287 fuerat
786 2248 839 2287 ex·

159 2305 267 2368 hausta.
885 2377 888 2384 Ι

159 2425 161 2432 s
200 2390 269 2450 VII.
291 2390 394 2449 Pacem
417 2408 511 2449 tamen
533 2390 613 2448 omni
631 2407 756 2470 tempore
777 2391 839 2448 im-

157 2473 228 2552 perii
248 2469 289 2531 sui
309 2469 428 2542 habuit,
447 2469 532 2530 semel
552 2468 660 2530 tannim
682 2491 729 2550 per
748 2473 839 2550 praesi-

159 2551 225 2611 dem
255 2552 429 2623 dimicavit3
458 2553 557 2610 orbem
589 2552 753 2610 Romanum
781 2553 841 2610 cir·-

159 2633 285 2702 cumiit3
320 2633 409 2692 multa
433 2631 588 2692 aedificavit.
616 2632 841 2692 facundissimus

158 2713 265 2775 Latino
279 2711 425 2784 sermone,
442 2713 543 2774 Graeco
554 2712 753 2772 eruditissimus
766 2711 819 2771 fuit
832 2733 839 2770 ι

87 2812 91 2820 ’
158 2817 219 2855 non
244 2815 380 2877 magnam
401 2794 554 2854 clementiae
573 2795 693 2877 gloriam
715 2791 839 2863 habuit3

160 2875 388 2962 diligentissimus
412 2895 508 2937 tamen
531 2878 604 2938 circa
625 2876 783 2947 aerarium,
813 2881 841 2934 ει
