2110 3666
261 274 658 368 etiamtiam
732 318 798 388 359

118 414 191 478 sunt.
221 413 319 476 Habet
348 417 480 497 Illyricas
507 415 614 496 septem
646 425 673 478 ὁ(
703 416 801 479 decem

46 550 54 559 .
119 499 304 580 provincias:
328 497 500 559 Noricorum
526 497 619 570 duas,
640 499 804 560 Pannonio·

119 601 183 640 rum
203 577 296 649 duas,
319 579 466 639 Valeriam
479 625 491 649 ,
512 580 653 650 Saviam,
676 581 801 641 Dalma-

118 663 214 730 tiam,
235 659 392 732 Moesiam,
420 660 575 722 Daciarum
601 661 694 732 duas3
715 663 753 722 Et
774 663 804 724 in

122 739 237 808 dioecesi
252 741 429 802 Macedonia:
443 739 507 802 sunt
522 741 549 802 se
570 762 627 803 tem
643 766 650 800 ι
665 742 806 803 Macedo-

122 825 193 893 nia,
207 819 375 894 Thessalia,
390 819 523 896 Achaia,
539 764 619 906 spiri
634 823 718 896 duae,
737 826 807 885 Pra-

124 905 195 966 ualis
216 913 244 964 &
262 901 359 966 Creta.

165 983 225 1044 IX.
247 985 282 1046 In
307 985 442 1046 Thracias
461 985 645 1046 Macedonici
662 987 729 1046 belli
755 1008 807 1046 oc-

124 1067 237 1128 casione
251 1065 437 1128 transcursum
451 1065 498 1127 est.
513 1068 663 1128 Saevissimi
676 1071 806 1130 omnium

125 1150 254 1231 gentium
273 1145 401 1209 Thraces
419 1147 538 1209 fuerunt.
555 1147 590 1209 ln
608 1145 738 1209 Thraciae
761 1171 807 1209 re-

125 1229 259 1312 gionibus
278 1231 364 1290 etiam
380 1227 520 1290 Scordisci
533 1227 720 1300 habitarunt,
735 1235 809 1311 pari-

126 1329 168 1369 ter
179 1311 303 1370 crudeles
315 1319 342 1371 &
353 1311 456 1372 callidi.
468 1313 563 1372 Multa
573 1311 608 1371 de
621 1309 726 1372 servitii
756 1333 808 1372 rae-

46 1443 49 1450 r
126 1389 268 1452 didiorum
280 1390 409 1452 fabulosa
424 1412 638 1465 memorantur,
653 1333 808 1474 quddlios·

127 1473 175 1533 tiis
193 1475 367 1553 captivorum
385 1473 449 1533 Diis
468 1473 522 1534 suis
540 1472 694 1555 aliquando
712 1475 809 1534 litave-

127 1555 204 1625 rint,
215 1573 299 1636 atque
312 1553 477 1638 sanguinem
490 1552 646 1616 humanum
657 1558 686 1615 in
699 1556 809 1616 ossibus

129 1638 253 1716 ¹capitum
275 1655 371 1716 potare
394 1638 449 1696 sint
475 1633 560 1696 soliti.
584 1637 662 1718 Saepe
689 1655 737 1717 per
762 1657 811 1698 eos

130 1717 278 1777 Romanus
303 1715 342 1776 est
365 1717 447 1780 caesus
468 1721 610 1778 exercitus.
635 1717 681 1778 Μ.
709 1717 812 1780 Didius

129 1817 265 1882 vagantes
277 1795 403 1858 Thracas
418 1801 565 1878 repressit3
580 1797 626 1859 M.
646 1796 753 1859 Drusus
767 1801 813 1860 in·

131 1899 174 1940 tra
192 1876 261 1940 fines
279 1882 405 1960 proprios
421 1882 583 1940 continuit:
603 1880 648 1940 M.
667 1879 812 1941 Minucius

131 1962 162 2021 in
176 1961 266 2021 Hebri
283 1963 407 2022 fluminis
425 1963 516 2045 glacie
534 1959 663 2022 vastavit.
680 1961 736 2020 Per
754 1961 814 2042 Ap·

152 2044 212 2103 ium
236 2041 392 2104 Claudium
421 2041 617 2124 proconsulem
635 2088 647 2111 ,
678 2039 735 2112 hi,
764 2045 814 2122 qui

131 2063 296 2205 lihodopen
311 2123 494 2193 incolebant,
515 2125 584 2183 vieti
601 2120 673 2182 sunt.
692 2123 815 2203 Europae

132 2206 291 2266 maritimas
306 2206 386 2266 urbes
407 2203 488 2264 antei
501 2225 634 2282 gomana
654 2203 747 2264 classis
763 2203 817 2262 ob·

135 2289 229 2348 tinuit.
248 2287 292 2348 M.
306 2287 439 2346 Lucullus
453 2307 500 2366 per
512 2283 651 2344 Thracias
674 2305 738 2344 cum
753 2281 818 2346 Bes·

135 2369 173 2430 sis
195 2372 302 2448 primus
317 2370 452 2428 conflixit.
470 2365 564 2448 Ipsam
585 2384 667 2446 caput
686 2367 816 2507 peruium

135 2447 294 2508 Thraciam
308 2451 376 2510 vicit
394 2473 401 2505 ι
420 2448 667 2508 Haemimontanos
699 2447 816 2529 ubegit:

135 2530 355 2610 Eumolpiadem
367 2576 378 2599 ,
400 2550 461 2611 quae
472 2552 546 2590 nunc
557 2527 762 2609 Philippopolis
775 2527 817 2587 di-

137 2614 233 2682 citur3
258 2610 478 2682 Uscudamam,
502 2633 564 2692 quae
586 2606 675 2670 modi)
694 2608 818 2670 Hadria-

138 2694 251 2770 nopolis
269 2695 461 2762 ¹nominatur3
483 2694 513 2750 in
533 2691 671 2752 ditionem
690 2688 817 2752 nostram

138 2775 275 2855 redegit:
305 2773 438 2852 Calyben
468 2776 549 2852 cepit.
579 2773 667 2850 Supra
692 2771 816 2832 Pontum
839 2815 848 2830 .

138 2858 244 2936 positas
267 2857 392 2916 civitates
412 2857 581 2935 occupavit,
604 2853 816 2940 Apolloniam,
