2134 3668
206 256 208 261 ·
256 243 390 310 omno
411 229 571 308 Cauris
587 243 696 310 Rorr.
751 265 815 332 ¹57

142 356 223 420 erei
233 358 321 420 Silvia
333 381 414 420 natos
425 361 572 420 Amulium
581 381 674 444 regem
687 359 817 420 Faustulo

142 437 222 500 servo
234 441 374 502 necandos
383 437 484 501 dedisse
494 467 500 498 ι
512 439 559 501 secl
570 463 633 500 eum
643 440 817 500 aNumitore

142 541 285 581 exoratum
297 544 331 582 ne
344 523 419 597 pueri
433 543 609 592 necarentur,
627 528 703 582 Accae
716 524 819 584 Laren-

135 603 187 660 'tice
210 605 306 663 amicae
331 601 385 662 suar
402 603 563 664 nutriendos
582 599 707 673 dediffe,
731 625 818 686 quum

120 678 125 685 ’
142 684 311 753 mulierem,
326 704 361 742 eo
374 682 452 764 qubd
464 685 551 762 pretio
566 706 613 743 cor
632 707 664 744 us
676 681 741 744 ellet
755 685 818 744 vul·

79 824 81 837 ,
142 784 207 856 gare
222 763 323 834 solita,
339 765 447 844 Lupum
461 765 576 824 dietam.
590 707 700 825 librum
716 769 819 846 quippe

67 859 69 864 '
142 863 181 903 rta
200 845 333 924 appellari
352 845 479 903 mulieres
495 843 626 926 quaestum
644 868 762 926 corpore
778 847 820 906 fa-

143 927 270 994 cientes3
292 923 364 984 unde
385 934 411 984 δι
425 924 563 1004 eJusmodi
580 926 654 998 loci,
672 929 700 986 in
719 928 820 1008 quibus

144 1002 203 1064 haec
217 1003 386 1076 consistunt,
398 1006 555 1085 Lupanaria
566 1007 649 1066 dicta.
665 1005 741 1068 Crlm
753 1007 820 1070 verb

144 1088 221 1166 pueri
233 1086 353 1146 liberalis
364 1085 515 1166 disciplinae
525 1109 638 1167 capaces
647 1085 715 1147 faui
726 1085 821 1160 ellent,

145 1165 247 1226 Gabiis
262 1165 420 1226 Graecarum
435 1169 654 1249 Latinarumque
667 1170 819 1230 litterarum

144 1244 354 1307 ediscendarum
374 1247 462 1332 gratii
480 1270 692 1319 commoratos,
709 1250 818 1310 Numi-

145 1346 204 1386 tore
222 1328 276 1388 av'o
294 1330 366 1388 clam
386 1333 483 1390 omnia
505 1329 739 1392 subministrante.
761 1331 821 1391 lta·

165 1430 198 1468 ue
213 1429 244 1468 ut
257 1409 377 1490 primtlm
393 1409 592 1483 adolevissent,
607 1413 762 1472 Romulum
775 1414 821 1472 in-

144 1429 220 1550 iicio
248 1489 401 1551 educatoris
426 1491 548 1552 Faustuli
575 1514 743 1573 comperto,
770 1496 821 1574 qui

143 1571 197 1631 sibi
215 1593 281 1632 avus
298 1618 307 1645 ,
326 1595 387 1654 quae
405 1594 495 1633 muter
515 1570 606 1634 fuillet
619 1619 628 1645 ,
642 1574 765 1654 quidque
785 1575 819 1633 de

145 1651 179 1710 ei
203 1651 309 1712 fuelum
334 1650 419 1724 ellet,
444 1675 508 1712 cum
532 1656 645 1714 armatis
667 1652 821 1733 pastoribus

59 1753 68 1766 ·
144 1733 251 1792 Albam
271 1733 404 1812 'protinrls
427 1731 594 1814 perrexisse,
619 1733 820 1815 interfectoque

143 1814 262 1874 Amulio
284 1813 464 1874 Numitorem
484 1835 567 1876 avum
590 1815 620 1874 in
637 1836 754 1910 regnum
776 1835 821 1874 re-

143 1893 279 1954 stitutum.
304 1895 460 1954 Romulum
479 1917 571 1956 autem
593 1894 726 1958 *avinum
752 1917 818 1956 ma-

144 1976 291 2057 gnitudine
310 1977 502 2056 appellatum,
521 1999 589 2038 nam
607 1975 706 2038 Graecal
723 1976 821 2060 lingui

142 2055 241 2138 ρ’ωμὴν
263 2059 394 2116 virtutem
413 2057 470 2116 <lici
488 2079 594 2118 certum
619 2055 666 2117 est.
693 2059 820 2118 Alterum

143 2135 211 2196 verb
235 2135 356 2197 Remum
381 2138 510 2209 dierum,
534 2137 665 2197 videlicet
689 2137 706 2197 *a
729 2138 819 2198 tardi·

144 2235 226 2288 tate,
246 2219 349 2299 quippe
366 2219 428 2278 talis
445 2239 549 2278 naturae
566 2215 695 2278 homines
710 2219 747 2278 ab
763 2241 818 2278 an-

144 2299 230 2380 tiquis
249 2319 369 2359 remores
389 2300 465 2360 dieti.

185 2378 295 2441 XXII.
318 2380 407 2462 Igitur
427 2382 519 2452 actis,
546 2401 607 2461 quat
636 2377 715 2462 supra
741 2381 818 2443 dixi-

145 2479 227 2531 mus,
245 2481 273 2520 re
287 2460 382 2521 divinit
397 2459 472 2522 laeli
486 2483 520 2520 eo
537 2463 566 2520 in
580 2461 666 2532 loco,
683 2463 733 2542 qui
745 2483 820 2522 nunc

145 2541 190 2600 Lu
210 2541 283 2602 ercal
299 2541 423 2612 dicitur,
443 2541 591 2605 ludibundi
608 2539 818 2614 discurrerunt,

164 2641 178 2678 e
203 2621 262 2680 'bus
280 2619 432 2682 hostiarum
452 2621 628 2682 occursantes
647 2621 772 2705 quosque
786 2627 821 2683 si-

142 2642 232 2762 bimet
252 2703 425 2762 verberantes
444 2726 454 2774 3
472 2722 556 2783 utque
577 2700 688 2762 solenne
710 2701 819 2764 sacrifl-

144 2785 219 2844 cium
233 2784 304 2856 sibi,
323 2781 493 2866 posterisque
504 2785 533 2844 id
547 2781 633 2855 ellet,
650 2782 819 2858 sanxerunt,
