2060 3662
265 384 269 390 .
341 285 637 358 rrrraVl.
780 295 859 388 632

88 394 90 396 ¹
190 403 244 466 lv.
265 403 313 465 Ad
334 403 479 485 Illyricum
502 401 597 466 missus
612 404 651 466 est
671 404 728 467 Cn.
750 405 828 466 Cos-

151 489 248 548 conius
266 507 317 567 pro
331 485 458 547 Consule
473 510 479 543 :
493 487 613 548 multam
629 506 737 568 partem
748 488 825 548 Dal-

150 570 244 628 matiae
264 565 396 708 subepit,
413 567 531 628 Salonas
547 569 620 648 cepit
641 591 647 625 :
666 577 693 628 δι
707 589 829 648 compo-

148 649 204 708 sito
230 649 306 708 bello
360 668 458 708 omem
481 647 544 728 post
567 649 714 710 biennium
737 649 829 710 rediit.

189 729 230 788 V.
258 729 363 789 lisdem
384 748 441 789 tem
482 730 583 802 ribus,
605 727 718 790 Consul
742 731 829 790 Mat-

150 829 200 870 cus
212 807 350 870 AEmilius
362 811 433 890 Lepi
454 831 501 882 us,
520 809 619 871 Catuli
629 811 758 893 collega,
773 811 832 870 bel-

150 891 213 950 lum
227 889 325 952 Civile
341 891 432 950 voluit
444 911 644 962 commovere3
659 893 730 951 intra
744 913 831 952 unam

152 990 250 1032 tamen
270 969 391 1032 aestatem
411 991 505 1031 motus
531 977 589 1050 ejus
614 969 753 1052 opptellus
781 973 831 1034 est.

102 1129 109 1134 ι
151 1051 198 1112 Ita
229 1073 287 1112 tino
321 1071 446 1132 tempore
480 1053 563 1112 multi
586 1053 669 1113 simul
698 1053 834 1134 triumphi

122 1198 125 1203 ,
152 1132 266 1194 luerunt
283 1157 290 1192 t
306 1133 438 1205 Metelli,
455 1154 489 1193 ex
508 1131 649 1212 Hispaniis
667 1157 674 1190 r
688 1133 833 1214 Pompeii,

154 1213 290 1276 secundus
309 1237 342 1274 er
364 1213 527 1296 Hispanid3
547 1213 703 1287 Curionis,
718 1235 751 1274 ex
769 1217 836 1278 Ma·

155 1295 292 1367 cedonid3
305 1296 433 1366 Servilii,
448 1317 482 1354 er
495 1293 610 1358 Isauria.

195 1377 250 1438 VI.
264 1377 351 1438 Anno
372 1378 446 1438 utbis
469 1377 588 1438 conditae
609 1397 629 1436 n
644 1399 661 1438 c
675 1397 691 1436 r.
705 1399 761 1455 xxx
776 1399 795 1436 v
809 1397 830 1440 1·.

155 1455 190 1518 L.
221 1459 334 1519 Licinio
364 1457 503 1532 Lucullo,
526 1467 554 1519 dr
581 1459 684 1518 Marco
719 1459 835 1520 Aurelio

156 1537 248 1600 Cottii
262 1537 451 1610 Consulibus,
469 1558 595 1598 mortuus
610 1537 650 1598 est
661 1539 836 1600 Nicomedes

156 1641 204 1680 rex
225 1619 383 1702 Bithyniae,
407 1629 435 1682 δι
460 1641 508 1700 per
525 1617 721 1680 testamentum
742 1621 838 1700 Popu-

159 1702 220 1760 lum
231 1702 395 1762 Romanum
406 1699 472 1760 fecit
485 1697 624 1760 heredem.
636 1697 837 1773 Mithridates,
925 1694 930 1720 ¹

158 1802 228 1864 pace
257 1782 353 1864 rupti,
375 1777 539 1860 Bithyniam
564 1789 591 1842 δι
620 1782 717 1842 Asiam
744 1779 835 1844 rursus

157 1863 249 1923 voluit
261 1862 401 1923 invadere.
419 1861 558 1923 Adverstls
576 1883 642 1922 eum
655 1864 742 1940 ambo
761 1885 836 1924 cou-

159 1941 838 2016 sulesmissnvnianhabuerefommam.Cotta

158 2026 234 2105 apud
244 2023 460 2088 Chalcedonem
470 2028 559 2087 victus
568 2025 606 2084 ab
616 2047 651 2085 eo
662 2027 738 2095 acie,
750 2027 838 2086 etiam

158 2109 232 2167 insta
260 2109 396 2188 oppidum
430 2111 544 2168 conclus
568 2104 626 2176 est,
649 2115 676 2166 &
701 2105 837 2167 obsessus.

159 2187 216 2248 Sed
246 2185 310 2247 crim
336 2187 364 2248 se
392 2188 459 2250 inde
481 2185 664 2248 Mithridates
695 2186 838 2266 Cyzicum

158 2267 356 2340 transtulisset,
371 2288 401 2329 ut
414 2267 526 2350 Cyzico
538 2266 620 2348 capes
633 2271 838 2332 totamAsiam

157 2349 317 2421 invaderet,
326 2349 458 2410 Lucullus
470 2351 496 2408 ei
505 2348 574 2409 alter
580 2345 692 2412 Consul
702 2352 820 2409 occurrit
830 2373 838 2407 ε

158 2452 192 2492 ac
214 2431 282 2494 dum
303 2430 484 2492 Mithridates
505 2433 535 2490 in
557 2430 706 2491 obsidione
734 2431 840 2511 Cyzici

159 2533 372 2585 commoratur,
393 2511 451 2594 ipse
477 2533 542 2572 eum
562 2509 580 2572 *a
598 2531 680 2594 tergo
704 2510 840 2582 obsedit,

161 2592 294 2678 fameque
309 2592 503 2675 consumpsit,
523 2603 554 2655 δι
571 2594 666 2654 multis
687 2595 787 2673 ptaeliis
800 2595 842 2653 vi·

161 2677 201 2735 cit
213 2698 220 2732 ι
236 2673 376 2756 postremi>
388 2675 548 2736 bizantium
564 2679 648 2756 (quae
659 2691 733 2734 nunc
745 2671 843 2734 Cons·
966 2709 968 2712 .

162 2757 348 2838 tantmopolis
368 2753 432 2832 est)
452 2755 562 2838 fugavit
579 2778 588 2826 3
610 2755 704 2816 navali
727 2773 841 2898 quotpte

162 2838 257 2919 prelio
279 2837 371 2902 duces
392 2845 451 2921 ejus
471 2837 604 2900 Lucullus
629 2839 771 2920 oppressit.
812 2854 841 2900 te
