2060 3662
336 291 613 360 LrssrtV.
766 315 802 382 55
915 314 919 322 ·

123 429 187 469 rum
210 427 305 470 tomen
327 409 417 469 Marii
437 407 577 494 Iugurtha
605 429 670 470 cum
700 409 810 472 duobus

123 489 190 550 filiis
219 487 275 550 suis
303 489 403 552 dusius
430 489 469 550 est
497 509 660 563 catenarus,
687 501 715 554 &
739 513 809 554 mox

120 569 193 651 jusu
205 569 343 638 Consulis
355 573 385 632 in
397 593 505 632 carcere
517 571 703 658 strangulatus

165 828 378 897 risun
431 827 757 915 Qururus.
861 926 862 930 g

321 1009 608 1074 cluunt.

117 1105 189 1223 D
198 1177 252 1220 uu
288 1157 394 1221 bellum
410 1159 440 1218 in
470 1155 610 1218 Numidis
628 1163 725 1230 contra
752 1159 804 1221 Ju-

120 1238 255 1324 gurtham
296 1242 399 1322 nitur,
418 1239 546 1300 Romani
564 1237 706 1304 Consules
723 1241 807 1302 Mar·

122 1341 170 1381 eus
186 1322 326 1382 Manlius
348 1330 376 1381 δι
397 1321 523 1398 Quintus
544 1319 665 1402 Caepio,
688 1319 805 1384 *acim-

119 1401 178 1462 bris
199 1411 227 1462 Bt
248 1401 427 1462 Teutonibus
449 1410 477 1463 &
503 1401 650 1486 Tigurinis
675 1411 703 1463 &
723 1405 803 1470 Arn-

118 1483 275 1552 bronibus,
290 1501 443 1565 quoerant
460 1483 670 1545 Germanemm
687 1493 714 1545 &
729 1484 804 1546 Gol-

120 1564 215 1624 lorum
228 1583 324 1648 gentes
335 1609 345 1634 ,
355 1565 425 1624 viski
439 1561 503 1624 sunt
515 1569 592 1642 juxta
604 1567 710 1626 flumen
724 1564 805 1626 Rho·

120 1643 255 1716 danum3
283 1653 311 1705 &
336 1645 456 1728 ingenti
473 1647 664 1704 internecione
693 1648 802 1718 attriti,

120 1727 209 1785 etiam
225 1723 310 1785 castra
328 1723 376 1786 sus
395 1734 423 1786 ει
440 1745 575 1808 magnam
592 1745 700 1804 purtem
719 1737 800 1790 e'xer-

121 1805 194 1866 citiis
221 1805 406 1886 perdiderunt.
430 1804 535 1866 Timor
562 1806 663 1866 Romae
688 1807 802 1890 grandis

117 1885 194 1956 fuit,
208 1907 328 1970 quantus
343 1890 392 1947 vix
402 1887 589 1962 Hannibalis,
603 1907 728 1968 ternpore
738 1889 800 1950 Pu·

90 2007 93 2010 -
115 1969 177 2027 nisi
192 1969 281 2038 belli,
304 1989 339 2028 ne
356 1970 457 2028 itemrn
476 1967 555 2030 Galli
572 1969 697 2036 Romam
715 1973 800 2030 veni·
824 1999 828 2006 -

117 2068 189 2108 rent.
216 2049 256 2109 Er
276 2072 295 2108 o
314 2049 424 2111 Marius
441 2048 503 2130 post
521 2051 669 2110 visloriain
691 2051 726 2111 Ju
782 2085 798 2098 ·

117 2127 230 2190 thinam
249 2071 372 2191 licundb
397 2129 512 2192 Consul
533 2127 572 2188 e'st
596 2130 705 2200 faustus,
728 2071 799 2190 ibl-

118 2212 236 2293 lumqne
260 2214 286 2270 ei
316 2231 413 2272 contra
441 2209 578 2272 Cimbros
605 2220 633 2272 &
655 2209 817 2272 Teutones.

116 2291 261 2352 decretum
283 2290 329 2351 est.
349 2289 451 2352 Tertib
475 2311 588 2374 quoque
609 2293 635 2350 ei
651 2300 678 2352 &
697 2291 798 2374 quarrb

112 2372 226 2440 delatus
248 2371 287 2432 est
306 2371 499 2445 Consulatus,
521 2373 587 2454 quia
605 2373 711 2434 bellum
732 2395 798 2440 cum

114 2453 246 2515 Cimbris
257 2451 487 2534 protrahebatut3
503 2453 551 2514 sed
566 2456 596 2514 in
606 2473 707 2536 quarto
718 2455 801 2516 Con·

115 2533 210 2595 sulatu
223 2535 294 2594 colle
316 2557 364 2595 sm
380 2533 480 2596 habuit
496 2535 638 2616 Quintum
653 2535 798 2598 Lutatium

114 2615 266 2678 Catulum.
286 2555 366 2678 Cum
383 2617 513 2678 Cimbris
536 2619 630 2698 itaque
654 2619 797 2690 conflixit,

114 2705 144 2758 &
165 2697 276 2758 duobus
300 2697 400 2778 praeliis
419 2697 537 2759 ducents
559 2699 651 2758 millia
664 2696 796 2758 ¹hostium

114 2777 222 2838 occidit
232 2825 244 2852 ,
260 2781 328 2840 οέὶο
349 2781 408 2840 insa
428 2781 520 2840 millia
539 2783 634 2861 cepit,
651 2789 679 2840 δι
697 2779 797 2840 ducem

116 2879 217 2922 eorum
234 2857 330 2923 Teuro
371 2860 439 2924 dum
455 2883 465 2935 3
481 2860 687 2945 propterquod
708 2860 796 2922 meri-

598 2941 678 3006 civ
