2134 3668
222 309 278 360 nr
297 290 415 361 Vrnrs
432 299 721 359 rrrnsrnruus.
753 307 818 378 179

139 411 171 471 V
172 412 272 471 setores
282 410 360 472 Galli
371 411 482 472 Urbem
496 413 668 470 intraverunt
684 455 693 480 ‚
707 409 757 468 ubi
769 431 821 468 no·

139 493 291 553 bilissimos
311 491 408 554 senum
426 495 456 552 in
475 491 615 556 curulibus
634 499 661 551 δι
679 489 821 551 honorum

139 574 315 657 insignibus,
332 569 427 654 primd
441 591 472 632 ut
484 573 562 633 Deos
581 575 724 644 venerati,
739 572 822 632 dein·

130 655 176 717 ‚de
193 675 226 714 ut
248 653 378 715 homines
395 651 551 735 despicati,
571 653 741 714 interfecrlre.
761 653 820 718 Re÷

141 737 219 818 lique
237 741 365 816 juventus
383 757 449 795 cum
466 735 580 794 Manlio
597 737 627 794 in
643 735 822 816 Capitolium

142 817 217 900 fugit
241 861 251 886 ,
274 817 323 875 ubi
348 812 455 876 obsessa
476 861 486 886 ‚
512 813 630 876 Camilli
653 819 755 876 virtute
781 815 821 874 est

143 896 260 957 servata.
280 897 340 972 Qui
360 895 457 956 absens
469 895 601 956 Didator
621 894 730 966 dicius,
755 897 820 956 col·

143 979 222 1038 lesiis
245 979 295 1037 reli
316 979 378 1047 uis,
399 977 499 1038 Gallos
517 975 685 1056 improvisos
702 981 824 1038 interne*

137 1063 227 1119 cione
239 999 353 1117 occidit.
368 1059 508 1139 Populum
521 1058 685 1118 Romanum
703 1061 826 1140 migrare

145 1141 237 1199 Ve'r'os
262 1139 405 1200 volentem
428 1141 547 1199 retinuit.
568 1139 614 1199 Sic
637 1148 664 1199 &
687 1139 823 1221 oppidum

145 1223 273 1292 civibus,
293 1229 320 1281 δι
340 1223 413 1280 cives
433 1221 539 1302 oppido
557 1219 687 1281 reddidit.
722 1263 728 1279 .
821 1230 834 1252 ’·

187 1301 313 1362 XXIV.
336 1303 461 1378 Manlius
479 1303 518 1362 ob
536 1299 682 1362 defensum
705 1301 825 1383 Capito-

145 1385 215 1444 lium
235 1381 412 1464 Capitolinus
434 1383 545 1453 dietus,
565 1382 704 1444 sexdecim
727 1406 824 1448 anno,-
866 1434 868 1436 -

147 1485 210 1523 tum
227 1465 417 1524 volumtarium
434 1465 552 1524 militem
574 1463 603 1524 se
624 1465 735 1525 obtulit.
750 1464 824 1527 Tri-

126 1548 227 1630 ‘ginta
246 1543 351 1624 septem
373 1545 540 1604 militaribus
562 1545 643 1616 donis
661 1543 677 1604 d
700 1543 754 1604 suis
772 1545 826 1606 ‹lu-

134 1627 226 1684 'cibus
252 1644 398 1694 ornatus,
423 1627 526 1707 viginti
551 1643 606 1685 tres
633 1628 772 1686 cicatrices
795 1631 827 1687 in

148 1709 262 1788 pestore
280 1703 386 1764 habuit.
400 1704 494 1785 Captlt
509 1707 591 1767 Urbe
609 1709 707 1765 audlor
724 1708 754 1766 in
769 1706 829 1768 Ca·

148 1789 280 1868 pitolium
300 1784 483 1870 confugiendi
505 1785 567 1847 fuit.
588 1786 720 1864 Quladam
743 1793 827 1848 nolle

149 1870 282 1950 clangore
293 1865 395 1928 anseris
409 1871 556 1939 excitatus,
568 1868 667 1929 Gallos
681 1867 830 1930 ascenden·

148 1969 188 2009 tes
209 1951 316 2029 dejecit.
335 1950 470 2010 Patronus
492 1947 509 2009 d
528 1950 633 2010 civibus
651 1951 831 2032 appellatus,
880 1993 882 1998 -

150 2039 177 2090 δι
193 2029 265 2090 farre
281 2029 399 2110 donatus
417 2029 464 2090 est.
478 2031 607 2090 Domum
622 2035 707 2092 etiam
724 2035 753 2092 in
769 2031 828 2093 Ca-

150 2113 250 2192 pitolio
269 2112 379 2212 publicd
397 2115 511 2192 aceepit.
531 2113 598 2188 Qul
620 2109 651 2171 su
671 2111 748 2170 erbis
766 2113 828 2172 ela-

151 2209 224 2263 tus,
252 2214 316 2254 cum
342 2193 477 2253 Senatum
503 2133 676 2272 suppressisse
702 2193 831 2255 Gallicos

151 2269 293 2334 thesauros
317 2291 477 2356 argueret,
505 2283 531 2333 &
565 2271 691 2332 addidlos
707 2273 832 2414 ipropri&

151 2351 270 2433 pecuniis
283 2355 432 2426 liberaret,
446 2357 526 2437 regni
539 2350 661 2414 affectati
674 2353 705 2416 su

152 2436 183 2494 in
209 2455 347 2497 carcerem
373 2439 544 2514 conjectus,
572 2436 669 2516 populi
695 2434 831 2498 consensu
886 2480 888 2484 .

151 2516 283 2584 liberatus
301 2515 348 2575 est.
367 2515 474 2576 Rursus
493 2515 556 2576 edm
570 2519 600 2576 in
614 2515 711 2576 eidem
730 2517 831 2598 culpl‘r‚

152 2603 180 2656 δι
195 2597 305 2678 gravius
318 2594 525 2675 perseveraret,
546 2619 606 2656 reus
625 2596 736 2667 fastus,
751 2607 778 2658 δι
792 2601 831 2658 ob'

154 2673 335 2755 conspes'tum
361 2676 498 2756 Capitolii
522 2679 668 2758 ampliatus
695 2677 741 2738 est.
765 2680 833 2738 Alio

153 2757 254 2818 deinde
277 2757 342 2816 loco
366 2757 533 2828 damnatus,
552 2769 579 2818 &
599 2759 633 2819 de
655 2761 729 2820 Saxo
751 2759 831 2818 Tar-

153 2841 218 2920 peio
239 2841 423 2922 precipitatus
439 2837 486 2900 est.
501 2839 613 2901 Domus
631 2839 721 2980 {ptura
736 2865 742 2898 ε
756 2843 834 2904 bona

685 2943 713 3002 Vl

719 2357 831 2434 picrone
