2060 3662
274 301 457 371 [rnen
506 299 574 370 IL
717 319 760 398 ²5

86 415 196 492 Epimm
225 417 252 480 ἃ
282 422 413 498 reliquam
446 421 582 480 Gratiam
609 437 761 495 putaretur.

84 499 164 560 Missi
185 499 249 562 sunt
268 521 364 561 contra
385 499 523 582 Pyrrhum
544 501 626 562 duces
643 501 675 560 P.
695 503 761 562 Sul-

84 582 168 659 picius
185 591 212 642 &
225 583 329 642 Decius
342 583 411 642 Mus
427 581 574 642 Consules.
596 583 761 643 Certamine

84 661 253 734 commiffo,
281 659 401 743 Pyrrhus
424 663 582 723 vulneratus
610 662 669 734 est,
698 666 777 742 ele-5

41 743 50 757 ⁸
69 739 181 822 ‘phanti
199 743 363 814 interfeeii‚
383 745 488 826 viginti
509 745 598 803 millia
618 743 686 804 caesa
702 742 763 803 ho-

83 821 189 896 stium,
222 833 249 885 &
274 845 308 884 ex
334 824 473 884 Romanis
497 823 606 884 tantum
637 825 764 908 quinque

83 906 183 966 mihin.
201 903 322 985 Pyrrhus
339 904 499 964 Tarentum
518 906 640 990 fugatus.

94 1019 95 1026 κ
124 987 220 1046 XIV.
237 986 384 1064 lnterjeiro
402 1007 499 1057 anno,
516 1007 612 1046 contra
626 985 765 1066 Pyrrhum

84 1067 228 1128 Fabricius
245 1065 283 1124 est
299 1062 415 1137 missus,
438 1068 488 1147 qui
507 1065 580 1147 priris
601 1069 671 1127 inter
689 1069 767 1152 lega·

84 1167 128 1208 tos
151 1148 296 1208 sollicitari
316 1169 375 1206 non
395 1167 544 1226 potuerat,
568 1145 666 1229 quarti
688 1169 769 1230 parte

84 1249 113 1288 re
134 1233 164 1289 ni
185 1227 328 1310 promissi.
351 1227 429 1287 Trim
442 1275 454 1299 ,
476 1227 539 1287 crim
564 1232 657 1290 vicina
680 1230 768 1292 eastra

85 1251 144 1389 ipit
167 1320 193 1371 δι
215 1331 262 1369 rex
285 1307 440 1380 haberent,
454 1310 588 1372 *medicus
610 1309 709 1392 Pyrrhi
730 1313 768 1374 ad

86 1411 150 1450 eum
167 1395 249 1451 noete
265 1392 363 1462 venit,
380 1393 548 1470 promittens
564 1413 673 1456 veneno
691 1394 767 1473 Pyr-

84 1469 169 1532 rhum
191 1469 373 1542 occisurum,
395 1473 418 1530 si
443 1473 496 1530 sibi
517 1473 624 1554 aliquid
645 1474 766 1552 pollice-

84 1575 180 1624 retur3
199 1575 285 1636 quem
299 1553 441 1610 Fabricius
458 1554 585 1613 vinebunt
600 1555 695 1614 reduci
713 1561 769 1636 jus-

84 1637 121 1694 sit
146 1633 185 1695 ad
211 1635 383 1700 dominum,
407 1629 569 1715 Pyrrhoque
597 1635 680 1706 dici,
725 1659 769 1696 uae

85 1735 188 1775 contra
218 1733 301 1794 caput
333 1718 390 1790 ejus
415 1713 539 1774 medicus
568 1659 769 1794 spopondiiset.

84 1797 172 1856 Tunc
195 1817 242 1855 rex
266 1794 406 1854 admirans
425 1815 514 1866 eum,
540 1795 634 1856 dixiffe
657 1797 768 1860 fertur:

83 1879 138 1938 Ille
155 1879 194 1961 est
208 1877 375 1946 fabricius,
398 1877 445 1952 qui
463 1877 601 1955 difficilius
623 1879 656 1938 ab
678 1879 766 1939 Itone-
792 1910 793 1914 ¹

78 1961 173 2040 flate,
195 1957 274 2036 quhm
292 1955 340 2034 firl
357 1955 374 2014 >z
394 1955 469 2034 curfir
488 1956 540 2035 fito
560 1963 652 2020 averti
673 1961 768 2041 potest.

84 2039 165 2100 Tum
184 2061 230 2099 rex
250 2041 279 2098 in
295 2037 422 2098 Siciliam
438 2037 576 2116 profectus
595 2039 633 2098 est
652 2066 658 2098 :
674 2041 770 2101 Fabri·

80 2124 144 2182 'cius
156 2168 167 2194 ‚
186 2123 268 2182 vistis
280 2119 453 2180 Samnitibus
467 2127 494 2177 &
509 2120 649 2190 Lucanis,
669 2123 771 2182 trium-

84 2198 198 2284 phavit.
223 2198 362 2262 Consules
383 2198 485 2257 deinde
507 2199 610 2260 Curius
631 2201 770 2263 Dentatus

85 2295 113 2345 &
130 2284 284 2348 Cornelius
300 2280 453 2349 Lentulus,
472 2279 617 2340 adversum
631 2281 770 2364 Pyrrhum

87 2367 169 2426 missi
190 2363 262 2425 sunt.
284 2363 387 2424 Curius
406 2381 503 2422 contra
524 2383 589 2421 eum
610 2369 771 2448 pugnavit,
846 2379 849 2386 ’

85 2449 243 2506 exercituin
265 2449 322 2522 ejus
346 2441 472 2514 cecidit,
497 2441 588 2523 ipsum
613 2444 782 2506 Tarentum·

86 2526 227 2611 fugavit,
245 2524 330 2584 castra
346 2525 428 2604 cepit.
445 2521 488 2582 Ei
502 2523 547 2582 die
566 2522 633 2585 caesa
648 2524 772 2586 hostium

86 2610 116 2669 vi
139 2610 197 2668 inti
210 2609 262 2666 tria
281 2605 379 2664 millia.
391 2604 493 2664 Curius
504 2605 642 2666 Dentatus
652 2609 681 2666 in
692 2607 776 2670 Con-

63 2629 185 2748 ‘striato
210 2683 394 2764 triumphavit
413 2706 419 2740 :
439 2686 544 2764 primus
567 2685 693 2746 Romam
717 2690 775 2747 ele·

87 2767 217 2850 phantos
228 2787 349 2848 quatuor
361 2765 447 2826 duxit.
462 2763 582 2846 Pyrrhus
591 2771 678 2828 etium
690 2768 776 2830 {Ta-

86 2871 174 2910 rento
192 2870 258 2908 mor
271 2849 397 2926 recessit,
409 2853 436 2904 &
446 2847 520 2928 apud
532 2848 646 2933 Argos,
661 2850 776 2912 Graeciae

89 2932 260 3002 civitatem,
275 2925 382 2992 occisus
396 2925 443 2988 est.
629 2931 652 2990 B
