2110 3666
267 351 665 426 ⁴arraona.
758 357 822 425 3ss

145 471 219 512 nunc
238 447 314 512 haud
336 454 422 536 longe
443 455 549 514 Sirmio
563 457 668 514 eminet
687 455 764 515 locus
780 477 828 535 pa·

145 534 215 594 latio
234 533 342 596 ibidem
363 533 542 606 constructo,
562 537 611 595 ubi
630 555 755 616 parentes
770 541 828 615 ejus

146 615 313 674 exercebant
332 637 416 694 opera
435 620 613 678 mercenaria.
638 615 737 676 AEtate
759 619 830 676 inte-

145 697 193 754 riit
226 694 444 778 sexagenarius,
470 719 608 758 annorum
635 700 739 778 viginti
763 698 826 756 lm·

145 795 264 856 perator.
287 777 394 839 Genuit
414 799 447 838 ex
467 778 603 859 Eutropii
621 777 691 859 Syri
711 778 828 838 muliere

145 855 346 930 Maxentium,
366 868 393 918 δι
413 857 543 919 Faustam
564 855 713 944 conjugem
733 858 829 919 Cons-
908 862 910 866 ’

147 941 235 1008 rania
267 945 344 1019 cujus
372 942 445 1020 patri
476 938 646 1001 Constantio
678 940 830 1000 tradiderat

145 1017 332 1080 Theodoram
364 1023 532 1104 privignam.
564 1021 620 1082 Sed
648 1021 829 1082 Maxentium

149 1098 322 1179 suppositum
352 1099 446 1160 ferunt
470 1123 527 1161 arte
555 1103 704 1172 mulieris,
736 1121 828 1161 tenere

149 1183 244 1242 mariti
264 1185 391 1242 animum
410 1183 564 1243 laborantis
587 1181 712 1262 auspicio
729 1186 830 1264 gratis-

150 1263 215 1322 simi
241 1261 333 1342 pattits
359 1265 443 1343 coepti
465 1263 481 1324 *a
507 1264 642 1344 patrois
666 1263 828 1324 Maxentius

150 1363 229 1402 catus
251 1345 321 1406 nulli
349 1365 474 1425 unquam
497 1345 576 1414 fuit,
607 1366 641 1403 ne
668 1346 760 1424 patri,
781 1364 830 1406 aut

151 1421 249 1485 socero
274 1424 390 1504 quidem
421 1427 547 1486 Galerio.
576 1424 707 1486 Galerius
734 1443 829 1485 autem

151 1503 206 1563 fuit
226 1505 314 1576 (licet
330 1504 434 1566 inculti
450 1505 605 1588 agrestique
622 1503 745 1585 justitii)
765 1504 831 1566 satis

150 1585 326 1656 laudabilis,
352 1583 466 1665 pulcher
495 1605 635 1666 corpore,
662 1588 779 1644 eximius
802 1596 830 1646 &

152 1665 220 1724 felix
240 1667 386 1736 bellator,
411 1685 487 1725 ortus
511 1663 671 1745 parentibus
695 1668 831 1747 agrariis,

151 1745 244 1826 pastor
267 1765 486 1815 armentorum,
514 1747 588 1805 unde
616 1749 642 1804 ei
669 1767 831 1825 cognomen

150 1827 343 1886 Armentatius
367 1825 431 1888 fuit.
457 1827 544 1888 Ortus
569 1826 661 1888 Dacii
688 1827 804 1907 Ripensi
818 1873 828 1901 ,

151 1908 247 1988 ibique
269 1906 388 1988 sepultus
412 1908 471 1981 est,
494 1929 579 1990 quem
599 1911 693 1969 locum
713 1909 828 1970 Romu·

149 1989 257 2048 lienum
283 2011 316 2050 ex
339 1991 479 2050 vocabulo
504 1991 633 2050 Romula
662 1994 757 2050 mattis
780 2013 795 2050 a
815 2025 830 2038 ·

150 2069 274 2150 pellitat.
296 2071 323 2130 Is
342 2070 492 2130 insolenter
511 2071 648 2130 affirmare
668 2069 749 2130 ausus
769 2013 828 2142 eli,

151 2170 270 2210 matrem
291 2171 368 2210 more
388 2151 570 2232 Olympiadis
591 2151 744 2210 Alexandri
764 2152 831 2211 Ma-

151 2233 202 2312 gni
226 2233 362 2290 creatricis
385 2228 570 2310 compressam
594 2231 715 2290 dracone
743 2231 831 2293 semet

151 2309 315 2391 concepille.
335 2311 465 2372 Galerius
477 2313 654 2373 Maximinus
668 2310 760 2371 sorore
775 2313 831 2372 At-

152 2396 282 2454 mentarii
297 2395 478 2476 progenitus,
498 2413 620 2534 vetocpue
637 2394 753 2452 nomine
767 2413 831 2453 ante

151 2475 299 2550 imperium
311 2475 391 2534 Daca
401 2475 508 2547 didius,
522 2473 572 2536 Cae
588 2495 617 2534 at
647 2473 831 2546 uadriennio,

152 2553 254 2616 dehinc
288 2577 335 2636 per
363 2556 510 2616 Orientem
541 2495 681 2640 Anguitus
710 2557 831 2615 triennio

152 2634 227 2707 fuit3
247 2657 312 2696 ortu
339 2637 454 2717 quidem
480 2657 563 2717 atque
587 2635 713 2696 instituto
737 2635 832 2717 pasto-

152 2719 204 2776 tali
216 2763 224 2787 ‚
243 2716 339 2776 vertim
353 2715 549 2796 sapientissimi
563 2715 693 2798 cujusque
705 2738 737 2776 ac
751 2718 830 2775 litte-

152 2817 276 2862 ratorum
298 2799 407 2868 cultor',
422 2799 539 2880 ingenio
559 2800 674 2878 quieto,
692 2799 752 2856 vini
770 2799 832 2855 avi-

152 2877 309 2957 dior.an
330 2878 421 2940 ebrius
443 2877 571 2960 quaedam
590 2875 717 2958 corrupti
737 2897 831 2937 mente
