2134 3668
261 343 329 407 n4
438 294 758 390 Eoraoaar

259 459 349 499 tentus
361 438 497 521 dignitate
509 437 646 580 Aufusti,
664 437 753 498 ltaliae
764 455 848 518 atque
863 435 945 500 Afri*

259 543 297 580 επ
308 519 533 580 administrandae
562 519 767 578 ollicitudinem
781 517 943 594 recusavit,

258 605 302 660 vir
324 603 500 684 egregius&
522 599 750 680 prestantissima
775 601 943 674 civilitatis,

259 682 364 742 divitiis
389 683 604 760 provincialium
626 682 661 742 ac
684 683 857 763 priuatorum
878 680 942 740 stu·

258 763 348 834 dens,
371 760 431 822 fisci
453 763 687 824 commodanon
709 762 867 824 admodum
889 762 942 822 af-

261 844 368 904 sedians
389 868 396 902 :
417 843 575 927 ducensque
593 844 690 904 melius
703 889 713 916 ,
727 845 855 920 publicas
877 866 943 919 opes

258 923 284 984 d·
291 926 415 1000 privatis
432 925 548 998 haberi,
568 925 649 1002 qudm
665 928 740 987 intra
756 947 837 984 unum
857 925 946 1003 claus-

252 1007 339 1088 strum
358 1005 490 1085 reservari
510 1032 521 1066 :
540 1004 613 1067 adeo
638 1025 732 1066 autem
759 1004 848 1066 cultius
869 1027 940 1066 mo·
973 1069 978 1076 ,

260 1087 338 1158 diei,
355 1107 386 1146 ut
404 1085 478 1146 festis
499 1087 618 1158 diebus,
636 1089 660 1146 si
680 1107 745 1146 cum
766 1088 865 1146 amicis
885 1109 942 1147 nu-

259 1169 458 1228 merosioribus
473 1165 539 1226 elset
556 1168 745 1248 epulandum,
765 1169 939 1247 privatorum

260 1251 299 1308 eis
321 1267 439 1330 argento
465 1247 588 1308 ostiatim
614 1251 702 1328 petito
724 1250 845 1310 triclinia
867 1248 939 1309 ster-

260 1347 397 1388 nerentur.
424 1327 482 1388 Hic
505 1353 563 1390 non
588 1329 677 1390 modb
703 1331 862 1400 amabilis,
892 1330 941 1392 sed

209 1427 216 1434 ·
259 1412 347 1468 etiam
378 1411 545 1471 venerabilis
571 1409 663 1471 Gallis
693 1409 776 1470 fuit:
805 1413 942 1492 praecipue

260 1489 340 1572 qubd
364 1491 538 1551 Diocletiani
559 1489 716 1570 suspectam
740 1491 941 1572 prudentiam,

261 1579 289 1632 δι
315 1571 489 1632 Maximiani
516 1569 726 1654 sanguinariam
754 1575 943 1634 temeritatem

263 1654 383 1732 imperio
404 1658 461 1733 eJus
485 1652 637 1714 evaserant.
660 1653 745 1713 Obiit
770 1655 801 1712 in
825 1654 941 1715 Rritan-

260 1731 330 1806 nsit„
347 1731 490 1804 Eboraci,
510 1732 680 1816 principatfis
698 1757 774 1794 anno
793 1735 944 1796 tertio-de⁴

261 1817 362 1886 cimo3
383 1835 467 1896 atque
488 1818 558 1875 inter
576 1816 667 1878 Divos
683 1815 784 1876 relatus
800 1814 847 1876 est.

258 1937 261 1943 ·
301 1895 340 1954 Il.
360 1895 510 1966 Galerius,
530 1899 617 1956 vir&
637 1897 726 1996 tuobe
744 1917 891 1970 moratus,
915 1907 944 1962 δι
1028 1908 1031 1913 ’

261 1977 389 2058 egregius
397 1979 425 2035 in
433 1997 461 2034 re
469 1978 602 2048 militari,
613 2000 676 2036 cum
686 1979 799 2038 ltaliam
809 2001 941 2062 quoque,

262 2061 369 2118 sinente
382 2055 571 2130 Constantio,
582 2057 818 2121 administrationi
829 2058 884 2121 suae
895 2084 945 2122 ae-

262 2135 368 2198 cessitse
396 2137 536 2212 sentiret,
562 2138 687 2205 Caesares
713 2141 784 2204 duos
812 2145 944 2215 creavit,

264 2220 503 2298 [Maximinum,
520 2243 605 2303 quem
624 2221 737 2284 Orienti
754 2221 898 2303 prefecit3
916 2233 945 2285 δι

261 2301 413 2373 Severum,
434 2305 479 2362 cui
497 2303 610 2364 Italiam
628 2301 706 2363 dedit
725 2328 732 2362 :
753 2303 811 2385 ipse
830 2307 859 2364 in
877 2303 945 2385 llly-

261 2382 320 2443 rico
341 2401 531 2444 commoratus
551 2383 623 2460 est.]
643 2383 752 2445 Verdm
771 2383 945 2463 Constantio

262 2481 395 2535 mortuo,
413 2461 638 2537 Constantinus,
660 2487 693 2526 ex
708 2465 864 2528 obscuriori
883 2488 947 2528 rua·

261 2545 397 2604 trimonio
421 2549 481 2622 ejus'
501 2543 574 2606 filius
591 2593 601 2619 ‚
621 2547 652 2606 iu
670 2545 816 2608 Britannia
837 2565 945 2610 creatus

262 2619 301 2682 est
318 2625 491 2706 Imperator,
511 2635 538 2686 δι
559 2627 702 2688 inlocum
741 2631 806 2690 anis
826 2649 946 2710 exopta·

262 2707 385 2782 tistimus
406 2705 568 2768 moderator
583 2711 706 2770 accessit.
722 2651 825 2778 llomae
838 2713 947 2776 interea

261 2783 443 2860 Praetoriani,
463 2791 584 2850 excitato
601 2792 742 2862 tumultu,
760 2793 945 2852 Maxentium

260 2865 389 2931 Herculii
408 2867 499 2934 filium
510 2870 527 2945 ‚'
540 2873 590 2954 qui
606 2868 683 2934 haud
696 2874 794 2955 procul
811 2875 849 2936 ab
862 2873 946 2938 Urbe
