2142 3664
217 323 274 374 ur
293 305 412 378 Virus
429 321 727 377 attissimus„
744 332 811 397 213

138 423 213 486 daeos
234 445 298 486 cum
326 445 433 508 magno
457 423 499 486 sui
522 445 626 486 terrore
651 431 814 507 penetravit.

138 507 247 566 Primus
268 508 298 564 in
317 505 497 575 Hircanum,
518 507 669 577 Rubrum,
690 518 717 568 δι
736 510 812 568 Ara-

137 586 233 646 bicum
257 607 334 645 mare
357 584 445 667 usque
468 591 600 666 pervenit.
625 589 698 647 Mox
723 587 814 648 diviso

137 668 213 726 orbis
231 670 372 745 imperio,
394 666 457 726 crim
470 665 581 728 Crassus
597 669 707 746 Syriam
722 713 731 738 ,
746 670 814 730 Car-

138 745 184 809 sar
198 747 347 818 Galliam,
366 747 515 826 Pompeius
526 748 637 808 Urbem
655 749 815 818 obtineret3

139 826 202 909 post
223 827 327 888 caedem
353 827 475 897 Crassi,
507 825 649 888 Caesarem
675 829 816 888 dimittere

140 912 293 968 exercitum
323 911 410 986 jussit.
449 907 539 984 Cujus
566 906 667 966 infesto
696 909 818 970 adventu

140 990 220 1051 Urbe
234 985 348 1070 pulsus,
368 991 398 1047 in
409 986 553 1048 Pharsalia
571 992 681 1059 vissus,
701 989 737 1048 ad
748 990 818 1049 Pto-

142 1071 272 1130 lemaeum
281 1069 455 1150 Alexandriae
467 1090 562 1151 regem
577 1068 662 1128 consu
684 1072 713 1128 it.
728 1071 819 1150 (Ejus

142 1153 262 1290 impesrio
281 1149 318 1288 ll)
328 1147 448 1304 >Agrius
466 1159 493 1289 ft
511 1145 634 1289 Po}h{)no
657 1090 819 1287 sltellitibus

143 1251 316 1291 occruse.
393 1251 453 1289 uus
479 1249 538 1290 atus
567 1251 585 1288 u
621 1251 673 1288 ocu
686 1252 708 1288 rs
725 1251 820 1292 uxoris

145 1321 173 1376 &
186 1311 339 1375 liberorum
352 1309 369 1369 *a
382 1253 519 1390 Stiptimio
530 1310 674 1370 Ptolemaei
688 1309 820 1389 praefesto

145 1413 280 1453 mucrone
303 1388 460 1450 confossum
484 1389 530 1450 est.
555 1391 674 1472 Jamque
695 1390 821 1453 defunsli

145 1493 229 1554 caput
244 1471 341 1556 gladio
354 1469 518 1565 praeeisum,
536 1470 613 1551 quod
630 1469 718 1557 usque
733 1472 769 1532 ad
788 1495 822 1533 ea

146 1573 275 1635 tempora
298 1551 387 1612 suerat
405 1570 575 1634 ignoratum.
601 1550 728 1610 Truncus
750 1554 822 1613 Nilo
880 1604 882 1613 ,
940 1566 942 1570 ’

144 1638 286 1715 justarus,
311 1631 328 1692 *a
355 1633 452 1693 Servio
474 1630 574 1692 Codro
597 1652 669 1714 rogo
694 1631 822 1705 inustus,

148 1712 335 1795 humatusque
363 1711 402 1772 est
425 1757 435 1784 ,
469 1709 635 1772 inscribente
663 1709 788 1790 sepulcro
815 1737 831 1786 ³,

148 1795 223 1858 Hrc
247 1813 380 1856 rostrus
404 1812 471 1852 Est
493 1791 644 1853 Missus.
671 1791 767 1872 Caput
786 1793 824 1854 ab

149 1874 263 1938 Achilli
281 1875 426 1935 Ptolemaei
445 1871 586 1944 satellite,
608 1871 749 2013 AEgyftio
769 1896 823 1934 ve-

150 1959 256 2020 lamine
274 1955 431 2018 involutum
450 1975 515 2014 curu
534 1953 619 2014 anulo
633 1953 683 2016 Cae
698 1959 738 2014 ari
755 1977 826 2035 prae-

150 2037 289 2100 scutetum
312 2033 374 2105 est,
402 2037 452 2116 qui
475 2055 534 2094 non
561 2038 706 2094 continens
728 2037 824 2174 lueys

151 2139 236 2191 ruas,
257 2115 327 2177 illud
344 2117 469 2196 plurimis
486 2123 514 2174 &
531 2117 737 2195 pretiosissimis
757 2137 775 2174 o
795 2136 827 2176 o·

152 2200 230 2260 ribus
249 2196 430 2258 cremandum
452 2197 565 2255 curavit.

401 2487 577 2636 Q
