2060 3662
286 309 468 378 Linea
508 309 581 405 VI.
729 315 773 395 69

100 424 225 502 Catilina
251 424 309 508 ipse
333 428 428 509 praelio
463 427 552 491 vietus
578 423 636 497 est,
664 434 692 488 δι
724 428 774 486 in·

99 505 235 566 terfeelus.

136 585 231 650 XVI.
261 588 469 649 Sexcentesimo
490 590 677 670 nonagesimo
698 610 774 650 anno

100 665 137 740 ab
155 667 235 729 Urbe
255 669 386 740 conditi,
408 671 446 730 D.
467 671 553 730 lunio
570 671 668 730 Silano
693 678 719 730 &
739 671 774 730 L.

98 747 229 808 Muraenh
251 748 445 820 Consulibus,
468 751 602 812 Metellus
630 751 664 810 de
691 749 779 811 Cretl

100 827 307 910 triumphavit3
327 831 477 911 Pompeius
501 831 535 891 de
557 831 634 890 bello
655 831 778 892 Piratico

102 917 129 988 ἃ
159 907 368 976 Mithridatico.
401 912 488 976 Nulla
519 934 556 975 un
579 933 643 972 uam
673 933 780 992 pompa

102 989 240 1071 triumphi
255 991 354 1050 similis
373 991 427 1050 fuit
446 1015 452 1048 z
471 991 547 1052 duur
559 935 627 1052 lunt
644 1012 707 1052 ante
722 997 780 1068 ejus

104 1091 215 1150 eurtum
235 1069 308 1131 filius
327 1069 523 1144 Mithridatis,
539 1070 612 1132 filius
625 1071 664 1131 Ti
687 1075 782 1144 ranis,

103 1161 131 1213 &
147 1152 322 1212 Aristobulus
339 1173 386 1212 rex
406 1152 566 1214 Judaeotum
582 1177 589 1212 :
608 1093 719 1234 praelata
738 1155 782 1214 in-

104 1233 174 1318 gens
188 1237 323 1314 pecunia,
339 1237 398 1294 auri
414 1255 497 1315 atque
514 1236 623 1317 argenti
640 1232 782 1297 infinitum

104 1314 224 1395 pondus.
244 1315 309 1376 Hoc
332 1335 457 1396 tempore
479 1315 588 1382 nullum
613 1336 661 1396 per
683 1315 782 1377 orbem

104 1413 237 1455 terramm
260 1418 343 1480 grave
366 1397 471 1456 bellum
493 1416 558 1458 erat.
766 1463 770 1470 ,

109 1479 116 1489 ’
145 1476 244 1538 XVII.
261 1479 347 1537 Anno
361 1479 447 1539 Urbis
469 1477 588 1545 conditae
608 1499 783 1544 nexetrr.

105 1549 196 1618 Caius
214 1560 302 1618 Julius
314 1557 428 1628 Caesar,
442 1561 491 1638 qui
508 1556 601 1638 posteia
620 1561 785 1640 imperavit,

106 1657 171 1698 eum
191 1640 226 1700 L.
242 1639 345 1700 Bibulo
363 1635 475 1699 Consul
494 1637 533 1697 est
549 1637 638 1706 ,faelus
653 1663 659 1698 :
676 1639 785 1701 decreta

107 1717 146 1779 est
157 1723 183 1778 ei
197 1719 314 1790 Gallia,
329 1728 356 1780 δι
371 1720 531 1800 Illyricum,
547 1739 610 1780 cum
628 1719 787 1802 legionibus

106 1801 216 1860 decem.
235 1800 261 1860 Is
278 1798 370 1882 primo
390 1802 458 1860 vicit
472 1799 635 1870 Helvetios,
650 1801 698 1880 qui
712 1823 787 1864 nunc

106 1883 142 1944 Se
165 1883 232 1942 uani
253 1882 445 1962 appellantur:
468 1879 568 1950 deinde
585 1881 724 1942 vincendo
740 1904 788 1962 per

107 1905 181 2022 bella
195 1965 379 2048 gravissima,
392 1959 479 2044 usque
499 1961 535 2020 ad
552 1961 700 2024 Oceanum
721 1963 799 2032 Bri·¹

107 2046 253 2108 tannicum
277 2045 416 2124 processit.
440 2043 563 2102 Domuit
584 2063 678 2103 autem
707 2047 788 2105 annis

110 2131 214 2186 hovem
237 2124 294 2185 fere
318 2144 435 2184 omnem
462 2123 610 2194 Galliam,
635 2126 696 2206 qu-a't
718 2128 790 2192 inter

111 2207 215 2288 Alpes,
239 2208 343 2266 flumen
364 2203 563 2274 Rhodanum,
586 2199 738 2277 Rhenum,
763 2214 790 2270 ὅς

113 2287 266 2348 Oceanum
278 2285 334 2356 est,
349 2293 375 2344 &
387 2287 502 2344 circuitu
512 2303 587 2364 patet
597 2283 631 2342 ad
642 2285 685 2354 bis
696 2293 722 2344 &
734 2287 790 2346 tri-'

114 2369 169 2428 clls
182 2385 299 2428 centena
313 2367 402 2440 millia
420 2362 557 2446 palluum.'
570 2365 707 2426 Britannis
724 2388 792 2428 mox

114 2449 220 2512 bellum
236 2449 350 2519 intulit3
368 2449 469 2528 quibus
486 2465 550 2506 ante
562 2467 625 2506 eum
641 2469 674 2516 ne
688 2469 793 2510 nomen

115 2531 232 2620 quidem
259 2529 456 2588 Romanorum
482 2549 516 2586 co
538 2530 629 2594 nitum
647 2548 708 2600 ‚etat
733 2553 741 2587 :
764 2537 793 2598 ὃς

117 2632 163 2671 eos
177 2631 292 2692 quoque
306 2611 411 2680 viCtos,
428 2549 571 2670 obsidibus
591 2611 728 2688 acceptis,
744 2607 793 2676 sti·

118 2693 278 2774 pendiarios
293 2689 367 2750 fecit.
387 2689 487 2756 Galliae
509 2709 602 2748 autem
626 2691 719 2750 tributi
741 2699 795 2752 n'o-
850 2722 853 2728 ·

120 2777 195 2833 mine
217 2791 343 2832 annuum
369 2771 516 2848 imperavit
541 2767 693 2833 sestertitim
718 2791 793 2850 qua·

120 2853 285 2940 dringinties
304 2876 311 2911 :
334 2849 547 2934 Germanosque
566 2869 641 2913 trans
660 2849 792 2911 Rhenum
