2060 3662
290 337 472 408 Ltaaa
509 335 606 406 ΙΙΙ.
741 358 784 425 4¹

109 451 257 516 Hannibal
288 457 411 517 diffidere
443 463 501 534 jam
536 455 570 516 de
603 455 670 516 belli
705 459 790 537 coepit

109 556 222 598 eventu.
250 537 389 598 Romanis
413 541 511 621 ingens
533 539 644 597 animus
668 541 788 598 accessit.

108 613 210 698 Itaque
225 621 316 698 &ipsi
328 639 514 680 evocaverunt
530 639 563 677 ex
573 617 712 698 Hispanil
729 619 789 677 Pu-

110 698 203 758 blium
225 697 392 760 Cornelium
416 701 587 780 Scipionem.
615 699 642 760 Is
666 699 792 758 Romam

109 800 177 839 cum
197 782 227 838 in
249 783 307 840 enti
323 779 414 863 gloriit
430 783 516 840 venit.

153 801 247 920 xltl.
270 861 380 938 Quinto
399 861 541 932 Caecilio,
564 861 655 922 Lucio
675 858 794 920 Valerio

111 939 289 1002 Consulibus
304 963 403 1004 omnes
423 943 547 1002 civitates
558 944 647 1024 ,quat
665 943 695 1000 in
712 942 794 1000 Brut-

112 1025 161 1082 tiis
186 1021 223 1082 ab
249 1020 412 1083 Hannibale
438 1022 604 1084 tenebantur
616 1068 625 1094 ,
656 1023 796 1083 Romanis

113 1103 145 1166 se
164 1103 342 1164 tradiderunt
685 1147 687 1151 ,

156 1183 228 1244 XX.
250 1187 336 1244 Anno
353 1183 582 1266 decimo-quarto
599 1179 747 1266 postquam
765 1183 796 1244 in

114 1266 230 1326 Italiam
257 1265 405 1326 Hannibal
436 1287 572 1339 venerat,
600 1265 719 1346 Scipio,
747 1265 798 1347 qui

116 1347 207 1406 multa
231 1349 260 1406 in
279 1346 418 1428 Hispaniai
441 1348 513 1406 bend
540 1367 656 1431 egerat,
685 1345 798 1408 Consul

117 1425 157 1486 est
183 1427 302 1499 fedius,
334 1438 360 1490 δι
387 1431 417 1488 in
444 1428 570 1488 Africam
601 1425 695 1488 missus
720 1452 727 1486 :
751 1427 797 1486 cui

115 1511 180 1568 viro
204 1509 331 1568 divinum
352 1508 488 1590 quiddam
511 1507 593 1569 ineffe
616 1509 797 1569 existimaba-

117 1609 185 1660 tu13
206 1588 279 1650 aded
296 1609 325 1648 ut
344 1608 483 1666 putaretur
498 1593 584 1650 etiam
603 1589 796 1649 cum'Numi-

118 1672 203 1732 nibus
220 1668 322 1728 habete
338 1669 506 1730 sermonem.
526 1671 554 1729 Is
571 1673 599 1729 in
617 1669 713 1730 Africi
730 1691 800 1730 con-

119 1771 163 1810 tra
187 1751 360 1810 Hannonem
386 1751 486 1810 ducem
506 1750 640 1811 Afrorum
664 1771 798 1835 pugnat,

119 1833 272 1892 exercitum
294 1837 352 1912 ejus
378 1831 518 1892 interficit.
548 1832 676 1893 Secundo
705 1834 800 1914 praelio

119 1912 208 1974 castra
221 1915 315 1993 capit,
331 1935 394 1974 cum
409 1915 666 1994 quatuormillibus
678 1923 706 1974 δε
718 1917 800 1996 quin·

119 1997 212 2078 gentis
229 1993 384 2067 militibus,
402 1996 532 2055 undecim
549 1995 674 2056 millibus
691 1997 799 2055 occisis.

119 2074 281 2158 Syphacem
302 2076 445 2136 Numidiae
463 2098 582 2160 regem,
606 2079 656 2156 qui
677 2075 704 2135 se
723 2075 801 2135 Afris

119 2164 328 2235 conjunxerat,
349 2159 445 2238 capit,
464 2166 491 2217 ὃ(
505 2155 591 2216 castra
609 2163 665 2234 ejus
682 2155 801 2216 invadit.

120 2235 238 2319 Syphax
258 2259 322 2296 cum
339 2238 521 2298 nobilissimis
538 2236 692 2308 Numidis,
712 2245 739 2297 &
756 2239 805 2297 in·'

121 2317 211 2380 finitis
229 2316 350 2398 spoliis,
373 2317 498 2376 Romam
519 2315 535 2376 ‘a
554 2317 685 2398 Scipione
706 2320 800 2378 mitti·

121 2421 166 2462 tur
193 2423 200 2457 ε
227 2397 283 2481 qui
310 2420 338 2457 re
361 2397 485 2471 auditi,
516 2399 610 2458 omnis
635 2398 692 2458 fetl
719 2401 803 2461 Italia
857 2413 859 2426 '

120 2480 316 2542 Hannibalem
334 2479 454 2554 desenit3
476 2478 534 2560 ipse
549 2478 565 2538 al
579 2478 803 2562 Carthaginien-

121 2563 200 2624 sibus
213 2562 300 2622 redire
316 2563 346 2621 in
357 2561 484 2622 Africam
498 2561 627 2641 jubetur,
642 2583 729 2644 quam
742 2561 804 2622 Sci·

122 2646 172 2724 pio
189 2641 323 2702 vastabat.
741 2721 743 2723 Ι

165 2724 257 2784 ΧΧΙ.
272 2724 315 2783 Ita
328 2745 404 2784 anno
418 2722 538 2804 septimo
551 2723 663 2782 decimo
677 2724 713 2784 ab
726 2723 807 2783 Han·

124 2806 219 2866 nibale
236 2804 318 2864 ltalia
335 2805 451 2864 liberata
469 2803 527 2874 est,
548 2809 662 2884 (quam
680 2807 746 2863 flens
764 2804 807 2862 di-

125 2887 196 2946 citur
214 2883 350 2968 teliquille
365 2893 387 2961 ).
407 2887 510 2968 Legati
524 2883 808 2970 Carthaginiensium
