2134 3668
250 293 385 361 Orroo
407 291 569 362 Gr-:uurs
585 297 694 365 lton.
750 320 814 384 ¹47

136 413 230 498 gnitus
243 412 396 494 periculum
413 409 541 483 subiret,
560 416 683 496 itemque
701 433 761 474 rem
773 414 818 476 di-

135 498 233 554 vinam
250 495 451 574 interrumpere
468 491 610 556 summum
628 494 706 556 nesas
727 495 814 556 duce-

137 594 199 647 ret,
216 593 298 657 caput
314 576 473 634 velamento
494 573 658 648 obduxisse,
676 596 759 658 atque
780 580 818 637 ita

137 658 220 737 pleno
243 659 298 715 ritu
320 653 561 737 sacraperfecisse
583 681 593 728 3
615 657 680 717 inde
703 657 818 738 posteris

137 737 272 796 traditum
286 757 396 796 morem
411 740 451 798 ita
466 734 662 808 sacrificandi,
678 758 708 797 ut
724 735 819 799 scribit

138 816 255 877 Marcus
271 816 407 875 Os'tavius
423 818 473 876 lib.
494 837 518 876 1.
537 818 577 878 At
591 817 660 879 verb
674 819 819 880 Domitius

139 899 189 958 lib.
212 917 237 956 1.
257 897 340 956 docet
358 894 432 956 sorte
448 897 589 980 Apollinis
604 897 738 978 Delphici
755 923 820 960 mo-

140 982 232 1040 nitum
253 975 378 1037 AEneam
398 1023 407 1048 ,
430 997 461 1037 ut
488 979 600 1040 Italiam
623 998 749 1059 peteret,
772 981 821 1041 ubi

142 1060 199 1119 duo
224 1061 314 1118 maria
337 1055 505 1130 invenilset,
528 1059 732 1144 prandiumque
757 1082 820 1122 cum

143 1142 246 1200 mensis
267 1135 416 1210 comesset,
435 1142 476 1199 ibi
496 1141 595 1200 urbem
614 1144 656 1200 uti
675 1139 818 1201 conderet.

142 1221 242 1302 ltaque
268 1241 283 1278 e
305 1217 405 1280 ressum
432 1223 462 1280 in
488 1241 589 1302 agrum
607 1223 788 1283 ¹Laurentem
808 1269 820 1293 ,

144 1299 208 1362 etim
232 1241 375 1382 pausulum
392 1302 486 1361 littore
505 1299 699 1382 processisset,
719 1324 820 1384 perve-

144 1379 210 1443 nisse
226 1382 262 1441 ad
280 1381 336 1441 duo
350 1381 447 1480 stagna
462 1385 540 1463 aqtiae
556 1381 654 1454 salsae,
670 1387 765 1444 vicina
777 1387 822 1445 in-

144 1467 185 1524 ter
198 1461 246 1524 se:
262 1463 356 1544 ibique
375 1485 438 1522 cum
454 1459 482 1522 se
496 1461 621 1536 lavisset,
638 1487 670 1526 ac
686 1463 822 1527 refestum
878 1479 881 1486 “

145 1545 210 1604 cibo
229 1543 294 1604 crim
316 1567 332 1602 a
352 1547 411 1603 ium
431 1565 565 1624 quoque,
582 1543 662 1626 quod
678 1563 744 1606 tunc
761 1549 823 1606 vice

146 1623 247 1684 mensae
268 1622 319 1683 sub
343 1643 434 1683 ratum
453 1621 566 1693 fuerat,
591 1622 824 1704 consumpsisset,

146 1703 350 1764 existimantem
375 1705 474 1784 procul
499 1703 586 1764 dubio
613 1705 661 1764 illa
686 1703 737 1766 effe
767 1705 823 1766 duo

146 1787 260 1854 maria,
279 1782 357 1866 qubd
373 1785 403 1843 in
420 1783 474 1844 illis
491 1782 594 1868 stagnis
612 1807 689 1868 aquae
709 1791 824 1848 marinae

146 1864 250 1926 secies
273 1862 366 1935 esset,
391 1861 580 1947 mensasque,
602 1889 664 1948 quae
689 1887 766 1928 erunt
791 1891 825 1929 ex

146 1887 279 2006 (stamine
289 1948 346 2026 apii
358 1991 367 2016 ,
379 1943 514 2005 comestas
529 1993 540 2016 ,
559 1948 658 2008 urbem
669 1951 698 2008 iu
711 1971 745 2008 eo
759 1949 824 2010 loco

147 2023 315 2097 condidisse,
333 2035 475 2108 eamque,
492 2025 569 2107 quod
580 2029 610 2087 in
626 2027 724 2111 stagno
742 2031 823 2088 lave-

149 2111 205 2180 tit,
223 2107 373 2167 Lavinium
391 2105 609 2188 cognominisse.
626 2107 704 2168 Tum
725 2109 826 2170 deinde

105 2191 107 2196 ’
148 2185 166 2247 *a
184 2188 288 2246 Latino
306 2207 371 2268 rege
387 2187 598 2268 Aboriginum,
619 2187 684 2246 data
700 2191 746 2260 ei,
765 2211 826 2272 quae

149 2269 309 2336 incoleret,
329 2271 428 2350 jugera
452 2269 614 2349 quingenta.
638 2267 676 2328 At
698 2267 774 2330 Cato
798 2275 828 2332 in

150 2346 273 2444 Origine
290 2349 400 2431 generis
417 2348 542 2407 Romani
560 2351 598 2408 ita
613 2348 696 2408 docet
715 2371 722 2408 r
743 2351 828 2412 Suem

101 2443 109 2456 '
151 2434 266 2513 triginta
286 2429 417 2510 porculos
436 2425 567 2510 peperisse
585 2432 614 2488 in
630 2451 664 2490 eo
681 2431 767 2503 loco,
781 2434 831 2494 ubi

151 2528 226 2570 ntuuc
249 2507 288 2569 est
313 2511 463 2569 Lavinium
490 2509 638 2592 :crimque
659 2511 767 2572 AEneas
791 2513 833 2575 ibi

152 2592 251 2652 urbem
279 2589 400 2650 condere
429 2587 637 2664 constituisset,
664 2613 832 2676 propterque

152 2675 215 2767 agri
233 2669 402 2730 sterilitatem
420 2689 576 2742 metueret,
592 2693 641 2751 per
663 2677 786 2756 quietem
807 2679 833 2736 ei

152 2751 213 2813 visa
226 2753 354 2812 Deorum
371 2752 508 2810 Penatum
525 2754 697 2822 simulacra,
720 2753 829 2815 adhor-
859 2761 863 2770 “

154 2833 273 2894 cantium
293 2851 323 2892 ut
340 2829 527 2914 perseveraret
548 2833 578 2891 in
597 2833 744 2896 tondendi
765 2838 830 2895 urbe

642 2913 710 2991 ot,
