2110 3666
229 335 296 402 334
355 308 783 382 Aui.V1cr0r1s

224 449 315 492 mater
328 429 439 491 Helena
457 429 556 489 dolore
574 431 665 490 nimio
679 431 789 509 nepotis
810 430 908 489 incre-

224 531 311 592 paret.
328 511 392 572 Fuit
409 511 585 580 verdunen,
622 509 687 570 uim
705 508 836 570 aestimari
854 531 910 590 po-

223 590 297 664 test,
315 591 406 652 laudis
423 592 530 650 avidus.
546 531 772 670 Hiclrrtnnun
788 589 909 653 herbam

224 674 402 754 parietariam
422 674 461 732 ob
477 672 574 732 titulos
592 672 696 732 multos
716 672 821 731 aedibus
841 671 906 732 ins-

225 757 349 833 criptos,
371 754 508 834 appellare
530 751 627 812 solitus
651 772 717 812 erat.
745 753 802 812 Hic
827 775 907 833 pon·
950 827 954 832 θ

224 853 282 894 tem
303 836 332 894 in
352 834 488 894 Danubio
511 832 670 894 construxit.
693 833 833 893 Habitum
855 855 907 893 re-

213 919 305 998 *gium
329 917 472 998 gemmis,
495 923 521 976 dt
540 934 623 993 caput
642 935 781 974 exornans
801 935 905 995 perpe-

224 1015 275 1056 tuo
309 995 478 1056 diademate.
512 995 771 1057 Commodissimus
807 1014 907 1058 tamen

225 1079 308 1138 rebus
323 1079 418 1137 multis
437 1076 514 1148 fuit3
535 1077 689 1136 calumnias
710 1075 804 1135 sedare
825 1079 905 1160 legi-

225 1158 277 1218 bus
307 1157 515 1226 sevetissimis3
551 1158 653 1216 nutrire
686 1175 756 1216 artes
787 1158 905 1229 bonas,

225 1239 361 1319 praecipue
387 1237 476 1296 studia
501 1238 680 1308 litterarum3
705 1239 797 1320 legere
820 1237 878 1319 ipse
893 1285 906 1310 ,

225 1317 365 1389 scribere,
389 1317 517 1378 meditari
532 1321 555 1386 ,'
571 1319 666 1377 audire
692 1319 848 1401 legationes
876 1329 907 1379 dc

224 1401 415 1480 querimonias
432 1399 648 1480 prouinciarum.
663 1399 814 1480 Cumque,
830 1399 907 1458 libe-

224 1482 261 1540 tis
295 1479 411 1561 filioque
441 1479 533 1539 fratris
564 1479 711 1539 Delmatio
744 1479 905 1541 Caesaribus

225 1559 417 1631 confirmatis,
440 1579 493 1620 tres
517 1569 544 1620 δι
569 1558 712 1643 sexaginta
737 1583 828 1621 annos
852 1565 903 1620 vi-

226 1639 326 1712 xisl'et,
348 1663 381 1701 er
405 1643 505 1722 quibus
522 1641 657 1701 dimidios
678 1642 737 1712 it‘a,
761 1661 792 1701 ut
811 1642 905 1702 trede-

225 1727 281 1782 cim
300 1723 374 1783 solus
402 1727 573 1802 imperaret,
600 1723 701 1782 morbo
721 1719 904 1803 consumptus

225 1802 265 1862 est
286 1826 296 1874 3
316 1802 409 1864 irrisor
434 1805 528 1883 potius
549 1800 636 1882 quim
658 1803 777 1863 blandus
799 1828 805 1861 :
826 1805 901 1864 unde

224 1885 374 1964 proverbio
390 1883 520 1965 vulgari,
542 1881 684 1944 Tracbala
704 1885 801 1945 decem
821 1889 902 1946 annis

224 1962 481 2044 praestantissimus,
501 1963 651 2024 duodecim
670 1962 846 2045 sequentibus
859 1968 904 2027 la-

225 2064 291 2114 tro,
316 2044 412 2115 desem
430 2045 590 2104 novissimis
609 2046 728 2126 pupibus
749 2048 787 2106 ob
805 2047 905 2126 prosu-

224 2129 317 2186 siones
336 2125 529 2196 immodicam*
540 2129 710 2186 nominatus.
731 2127 844 2207 Corpus
858 2125 904 2187 se-

168 2249 170 2254 ·
225 2209 335 2288 pultum
353 2210 383 2266 in
400 2207 558 2286 Byzantio,
581 2205 830 2288 Constantinopoli
852 2209 901 2269 di-

225 2287 281 2348 sti.
301 2289 371 2364 Quo
390 2307 529 2356 mortuo,
549 2289 709 2348 Dtbnatius
729 2291 851 2348 militem
872 2293 903 2350 vi

182 2384 184 2388 ·
225 2388 348 2428 necatur.
356 2368 400 2426 Ita
409 2367 445 2426 ad
456 2387 510 2428 tres
519 2369 596 2430 orbis
608 2368 732 2428 Romani
743 2370 904 2430 dominatio

225 2449 337 2508 redaua
358 2447 416 2518 est,
439 2446 651 2519 Constantino,
673 2458 700 2509 δι
721 2447 904 2524 Constantio,

226 2551 260 2589 ac
280 2527 435 2590 Constante
452 2527 517 2586 filiis
530 2527 718 2590 Constantini.
738 2532 780 2592 Hi
798 2533 904 2615 singuli

227 2609 278 2669 has
295 2629 383 2689 partes
401 2608 535 2692 regendas
557 2608 712 2671 habuerunt
722 2634 731 2681 3
753 2611 902 2673 Constan-

226 2694 300 2752 tinus
326 2692 420 2770 juniot
443 2693 541 2750 curua
566 2711 642 2751 trans
667 2693 752 2772 Alpes
766 2716 776 2763 3
801 2692 902 2754 Cons-

226 2774 330 2832 tantius
352 2769 369 2831 lt
390 2771 462 2832 freto
480 2771 682 2852 Propontidis,
699 2776 798 2834 Asiam
818 2793 903 2854 atque

227 2854 374 2914 Orientem
385 2875 395 2924 3
406 2851 546 2916 Constans
556 2851 698 2933 Illyricum
712 2901 722 2924 ,
736 2855 905 2936 Italiamque
