2142 3664
223 299 280 352 ns
300 283 419 353 Vrnrs
436 299 722 354 recursurum.
751 304 815 352 201

180 402 264 464 LXI.
280 403 422 482 Quintius
435 402 567 465 Caecilius
584 403 716 464 Metellus
735 401 751 462 *a
767 404 821 464 do-

138 483 211 544 mitti
239 482 439 554 Macedonid,
463 483 690 556 Macedonicus,
712 485 819 546 Praetor

139 563 449 646 Pseudophilippum,
474 566 524 645 qui
558 563 633 626 idem
666 563 820 628 Andriscus

139 645 230 706 didius
249 644 309 717 est,
326 647 402 706 vicit.
416 641 536 706 Achaeos
549 645 592 706 bis
629 647 704 706 raelio
723 645 819 718 fudit,

140 723 354 806 triumphandos
383 726 530 786 Mummio
555 746 596 786 tra
617 726 678 786 idit.
707 726 820 788 Invisus

119 827 122 832 ·
139 804 216 888 plebi
230 808 269 866 ob
282 797 401 868 nimiam
419 805 613 878 severitatem,
632 817 659 868 &
676 805 741 868 ideo
755 807 819 889 post

140 886 210 948 duas
224 909 252 946 re
272 887 344 948 ulsas
357 885 467 948 Consul
477 887 549 970 :tgrd
563 886 675 956 fadlus,
690 889 819 950 Arbacos

139 968 168 1028 in
199 969 238 1028 H'
254 968 338 1048 panii
366 967 485 1028 domuit.
512 967 597 1046 Apud
628 967 817 1031 Contrebiam

138 1049 275 1129 oppidum
289 1047 417 1110 cohortes
429 1049 495 1108 loco
509 1047 616 1127 pulsas,
632 1047 719 1108 redire
732 1060 759 1110 δι
771 1051 819 1110 Ιο-

139 1150 204 1188 curn
229 1131 347 1210 recipere
372 1133 460 1208 jussit.
484 1128 561 1190 Cum
581 1131 680 1190 omnia
702 1134 816 1211 proprio

120 1217 166 1282 y&
189 1209 280 1270 subito
305 1211 422 1272 consilio
443 1230 562 1292 ageret,
585 1211 679 1270 amico
702 1213 817 1272 cuidam

139 1291 209 1370 quid
228 1295 336 1352 asturus
354 1287 419 1352 effer
438 1292 551 1373 roganti
565 1313 572 1348 :
587 1291 750 1364 Tunicam,
770 1295 817 1353 inu
828 1295 850 1372 'm

138 1373 221 1451 quit,
244 1393 337 1512 nsream
354 1392 515 1510 exilrprerem,
536 1373 559 1432 si
560 1392 643 1512 Herm
666 1373 817 1514 consiliuput

138 1472 235 1510 meum
268 1473 322 1512 cue
344 1473 377 1512 ex
412 1473 538 1512 rmarem.
593 1474 618 1512 tc
660 1473 757 1512 uatuor
801 1489 815 1502 ·

137 1532 242 1592 liorum
264 1553 366 1614 pater,
393 1531 522 1613 supremo
546 1475 670 1613 tempoie
693 1531 818 1596 humeris

138 1633 236 1674 eorum
253 1614 289 1674 ad
308 1613 465 1694 sepulcrum
482 1613 554 1673 latus
574 1611 614 1672 est
633 1637 644 1686 3
664 1635 698 1672 ex
713 1617 817 1695 quibus

139 1711 193 1753 tres
219 1693 397 1766 consulares,
415 1715 502 1754 unum
525 1697 612 1762 etiarn
633 1693 815 1776 triumphan-

139 1794 196 1834 tem
211 1775 290 1838 vidit.

178 1855 270 1918 LXII.
284 1857 424 1934 Quindlus
435 1855 568 1919 Caecilius
576 1856 707 1918 Metellus
721 1903 731 1929 ‚
746 1857 812 1918 Nu·

137 1938 257 2000 midicus
269 1939 352 2020 ,·qui
376 1935 488 1998 Consul
510 1937 545 1996 de
569 1935 729 2020 Jugunhl,
748 1958 818 2022 regen

136 2017 297 2091 Numidiae,
310 2015 501 2098 triumphavit.
511 2015 814 2096 CensorQuintliunr,

136 2101 187 2180 qui
202 2097 230 2158 se
243 2099 353 2160 Tiberii
365 2096 489 2162 Gracchi
502 2096 592 2158 filium
608 2101 815 2174 mentiebatur,

135 2181 167 2239 in
191 2178 304 2242 censum
328 2202 388 2240 uon
412 2200 472 2238 rece
493 2180 523 2238 it.
552 2178 632 2238 Idem
661 2181 691 2239 in
719 2181 813 2264 legem

135 2261 306 2356 Appuleiam
325 2281 372 2354 per
393 2261 453 2320 vim
473 2199 563 2318 iatam
585 2263 673 2337 jurare
697 2262 811 2334 noluit,

136 2339 815 2504 llff‘clrllllhlllnllllslssll}3

136 2501 201 2564 crim
222 2504 295 2566 ludis
318 2502 392 2566 fone
415 2504 520 2564 litteras
545 2504 576 2562 in
599 2498 708 2564 theatro
728 2525 813 2566 acce·

135 2583 237 2668 pill'et,
255 2607 315 2646 non
334 2581 408 2665 priris
426 2603 472 2644 eas
490 2584 583 2666 legere
603 2583 734 2668 dignatus
752 2583 791 2646 est
800 2629 814 2658 ,

136 2663 224 2748 quim
243 2664 431 2747 spectaculum
449 2661 580 2724 finiretur.
597 2665 720 2726 Metelle
736 2665 815 2727 soro-

136 2750 175 2806 ris
194 2745 248 2808 suae
266 2749 357 2807 vitum
378 2743 489 2804 laudare
502 2745 614 2817 noluit,
634 2744 712 2827 qudd
729 2749 751 2810 is
772 2743 815 2806 so·

134 2828 181 2888 lus
199 2827 339 2910 judicium
357 2843 453 2892 contra
471 2824 546 2908 leges
564 2823 734 2970 detreclllrat.

678 2929 697 2968 v
