2134 3668
291 326 474 396 LIBER
507 326 582 394 IX.
711 347 774 415 105

99 442 232 505 felicitate
245 447 388 506 revocavit
402 469 408 503 :
424 443 563 525 superavit
574 447 604 504 in
617 441 714 506 Gallie
724 444 781 506 Te-

99 527 198 585 tricurn
210 527 284 607 apud
296 525 494 598 Catalaunos,
513 523 575 606 ipso
589 525 705 586 Tetrico
716 548 780 607 pro-

98 605 180 666 dente
201 610 351 668 exercitum
373 606 473 678 suum,
496 613 573 686 cujus
593 607 715 669 assiduas
734 607 779 668 se-

98 687 216 750 ditiones
233 688 303 748 ferre
320 698 379 748 non
395 707 504 769 poterat
519 712 526 746 :
541 690 609 770 quin
626 691 712 750 etiarn
728 709 778 769 per

97 768 200 830 litteras
221 770 346 830 occultas
366 770 549 830 Aurelianum
565 769 604 830 it‘a
622 768 714 830 fuerat
727 770 776 830 de·

95 869 245 929 precatus,
269 870 300 910 ut
323 852 394 910 inter
417 852 473 911 alia
502 849 582 912 versu
608 851 773 935 Virgiliano

98 951 237 991 uteretur:

220 1011 306 1086 Eripe
325 1035 367 1072 me
384 1011 449 1081 his,
461 1013 583 1083 invitis,
599 1016 693 1074 malis.

94 1091 256 1153 Zenobiam
302 1113 394 1174 uoque
416 1137 426 1164 ‚
452 1115 514 1174 quat
540 1092 636 1154 occiso
659 1093 775 1158 Odena-

95 1171 149 1234 tho
167 1177 270 1234 marito
315 1176 433 1234 rientem
449 1175 580 1246 tenebat,
598 1173 676 1236 haud
687 1177 776 1262 longe

94 1256 132 1316 ab
151 1253 307 1316 Antiochii
325 1257 384 1316 sine
402 1257 482 1339 gravi
498 1256 594 1336 praelio
612 1260 686 1338 cepit
704 1262 777 1320 rin*

96 1333 255 1418 gressusque
271 1337 419 1408 Romam,
436 1337 564 1397 nobilem
577 1337 773 1420 triumphum,

95 1419 176 1498 quasi
187 1418 442 1499 receptorOtientis
452 1417 623 1480 Occidentis
640 1423 776 1516 ue,egir,

95 1519 204 1560 currum
216 1498 431 1579 precedentibus
443 1498 560 1560 Tetrico
573 1510 600 1562 δι
618 1442 748 1562 {enobrb
764 1527 772 1561 ε

94 1583 144 1660 qui
163 1581 280 1662 quidem
297 1581 425 1641 Tetricus
445 1583 530 1642 etiam
548 1580 699 1644 Concitet
713 1583 774 1643 Lu-

94 1663 182 1720 caniae
206 1662 299 1740 postea
321 1662 395 1734 fuit,
416 1683 448 1722 ac
473 1664 597 1742 privatus
616 1663 773 1724 diutissime

93 1745 172 1802 vixit.
191 1743 319 1804 Zenobia
337 1761 431 1804 autem
448 1741 591 1823 posteros,
611 1746 662 1826 qui
680 1743 773 1806 adhuc

93 1843 233 1896 manent,
252 1825 351 1886 Romae
372 1824 493 1905 reliquit.

131 1906 217 1966 XIV.
244 1906 310 1966 Hoc
332 1909 486 1987 imperante
509 1907 595 1966 etiam
620 1909 772 1968 monetarii

93 1987 122 2045 in
145 1987 227 2050 Urbe
251 1987 473 2057 rebellaverunt,
495 1988 601 2048 vitiatis
621 1991 771 2068 pecuniis,

93 2076 119 2126 &
138 2068 315 2128 Felicissimo
333 2068 479 2130 Rationali
501 2067 649 2130 interfecit>
669 2094 677 2128 t
699 2092 772 2151 quos

92 2149 258 2210 Aurelianus
274 2152 364 2210 vicios
386 2145 487 2208 ultimi
503 2148 665 2209 crudelitate
684 2171 770 2210 corn-
846 2192 848 2197 ,

91 2230 199 2309 pescuit
219 2254 226 2289 ε
250 2232 386 2310 plurimos
403 2229 513 2290 nobiles
534 2231 625 2310 capite
645 2230 769 2292 damna-

91 2313 132 2372 vit
154 2337 162 2372 t
186 2311 273 2376 sevus
296 2321 325 2374 &
346 2309 564 2394 sanguinarius,
588 2331 621 2370 ac
642 2309 768 2373 neceffa·

91 2393 145 2454 rius
168 2396 261 2479 magis
282 2395 312 2454 in
336 2390 528 2475 quibusdam,
550 2390 637 2473 quint
658 2395 689 2454 in
710 2395 770 2456 ullo

90 2477 222 2536 amabilis
241 2476 396 2558 Imperator
414 2497 421 2530 ι
444 2492 505 2532 trux
522 2477 603 2536 omni
621 2492 771 2556 ternpore3

91 2558 177 2618 etiam
198 2554 255 2630 filii,
270 2555 372 2618 sotoris
399 2552 559 2614 interfector
580 2578 587 2614 ε
615 2553 770 2638 disciplina

91 2653 187 2700 tamen
213 2637 363 2708 militaris,
385 2644 412 2695 &
438 2655 552 2696 morum
575 2633 794 2700 diffolutorum·

91 2737 137 2778 ma
160 2717 197 2779 nb
216 2739 250 2778 ex
270 2737 346 2798 parte
367 2719 512 2776 corrector.

130 2741 201 2864 RV.
217 2801 327 2862 Urbem
346 2799 472 2858 Romam
490 2797 577 2856 muris
599 2795 769 2858 firmioribus
845 2867 851 2881 ·

91 2882 178 2946 t'uuit
200 2905 207 2942 ι
231 2882 368 2965 templum
388 2879 450 2944 Soli
472 2875 641 3021 aedifiearpit,
662 2881 692 2940 in
711 2900 770 2961 quo
808 2929 810 2934 .

632 2981 650 3022 v
