2060 3662
192 311 234 374 16
357 284 669 374 Euruor'rr

186 423 295 504 accepit
309 457 322 494 ,·
342 421 545 505 Romanosque
571 421 641 504 saepe
663 425 739 484 vicit.
764 421 863 506 Usque

186 505 224 566 ad
240 506 371 586 quintum
386 505 548 565 milliarium
564 505 651 568 Urbis
668 508 802 577 accessit,
815 521 865 586 up—
900 519 904 526 '

188 605 359 669 pugnaturus
385 588 470 646 etiam
494 587 637 667 patriam,
664 587 790 668 legaris,
817 588 867 668 qui

189 687 289 748 pacem
306 665 461 746 petebant,
483 667 653 748 repudiatis,
674 671 729 728 nisi
745 667 781 728 ad
800 685 866 727 eum

189 767 280 808 mater
297 749 416 810 Veturia
432 759 459 809 δι
475 769 545 808 uxor
560 749 718 810 Volumnia
739 771 772 808 ex
786 749 868 810 Urbe

190 825 325 890 venissent
347 845 496 911 equarum
514 832 591 916 'fletu
619 835 647 891 &
672 830 868 911 deprecatione

190 908 356 990 superatus,
382 913 502 971 removit
521 913 681 972 exercitum.
704 914 797 994 Atque
821 909 869 970 hie

191 989 326 1054 secundus
351 991 412 1072 post
429 991 617 1073 Tarquinium
636 994 714 1066 fuit,
739 996 789 1076 qui
813 992 871 1052 dux

192 1091 289 1134 contra
309 1077 427 1154 patriam
447 1071 526 1134 suam
545 1071 617 1134 effet.

218 1154 326 1216 XVI.
349 1155 469 1217 Caesone
487 1156 577 1216 Fabio
598 1157 714 1216 &Tito
735 1157 872 1239 Virginiu

193 1234 395 1308 Consulibus,
424 1239 539 1314 trecenti
569 1239 678 1298 nobiles
711 1236 873 1308 homines,

194 1317 244 1396 qui
265 1337 298 1376 er
319 1318 408 1378 Fabii
428 1317 538 1377 familiis
565 1337 664 1391 erant,
690 1337 786 1380 contra
805 1321 872 1380 Vc*

193 1403 282 1477 jentes
300 1399 405 1458 bellum
424 1397 477 1458 soli
492 1397 690 1479 susceperunt,
710 1405 874 1480 promitten—

119 1490 122 1495 '
196 1498 236 1538 tes
254 1480 369 1540 Senatui
390 1489 416 1540 &
433 1481 543 1562 Populo
560 1498 607 1560 per
624 1480 652 1541 se
673 1499 759 1542 omne
780 1497 873 1543 cerra-

196 1582 264 1621 men
290 1561 473 1642 implendum.
501 1561 601 1642 Itaque
632 1555 751 1642 proferri
774 1579 875 1624 omnes

191 1643 331 1716 nobiles,
354 1645 446 1725 &qui
464 1644 568 1726 singuli
584 1664 753 1726 magnorum
772 1649 877 1705 exerci-

198 1739 278 1785 tuum
295 1724 378 1785 duces
391 1722 443 1784 effe
462 1725 616 1795 deberent,
640 1728 669 1784 iu
684 1727 783 1804 proelio
801 1750 874 1787 con*

194 1806 332 1866 ciderunt.
350 1807 432 1866 Unus
449 1803 569 1864 omnini)
590 1803 724 1886 superfuit
746 1823 779 1867 ex
798 1807 878 1870 tanti

199 1885 310 1947 familiis
323 1933 332 1958 ,
354 1889 403 1968 qui
416 1907 527 1968 propter
541 1901 652 1947 aeratem
665 1890 799 1968 puerilem
814 1891 879 1950 duci

200 1991 259 2030 non
278 1984 405 2047 potuerat
420 1967 456 2028 ad
471 1983 606 2048 pugnam.
625 1967 691 2028 Post
709 1967 767 2030 haec
783 1969 880 2031 census

201 2054 232 2111 iu
255 2051 333 2112 Urbe
353 2047 464 2110 habitus
489 2045 547 2122 est,
566 2059 594 2110 &
618 2052 731 2110 inventa
752 2050 815 2114 sunt
835 2055 880 2112 ci-

202 2135 281 2194 vium
300 2133 424 2212 capitum
437 2129 532 2192 'cx1x.
556 2131 646 2191 miiiia
663 2153 792 2200 cccxix.
858 2209 859 2212 Ἴ

243 2213 358 2274 XVII.
382 2213 516 2294 Sequenti
531 2235 630 2284 anno,
652 2211 716 2272 etim
730 2216 760 2274 in
772 2214 882 2299 Algido

166 2341 167 2344 η
203 2315 326 2366 monte,
351 2294 388 2353 ab
408 2297 487 2358 Urbe
509 2295 678 2354 duodecimo
701 2293 789 2354 ferme
810 2297 881 2356 mii-

134 2387 138 2390 “
204 2377 286 2436 liario
294 2418 306 2448 ,
320 2375 466 2436 Romanus
480 2375 651 2435 obsideretur
663 2379 812 2449 crescium,
828 2379 884 2436 Lu-

206 2459 265 2518 cius
285 2458 419 2536 Quintius
440 2457 627 2518 Cincinnatus
637 2457 767 2518 Distator
784 2457 822 2517 est
841 2458 885 2518 fa-

205 2541 266 2598 uu
289 2561 296 2596 r
317 2539 401 2618 quia
423 2559 484 2597 rum
505 2555 624 2618 quatuor
641 2544 769 2623 jugerum
809 2541 883 2600 ossi-

169 2616 171 2620 ’
207 2618 301 2690 dens,
324 2559 453 2678 maniius
475 2618 530 2679 suis
550 2620 669 2679 colebat.
695 2621 744 2692 Is,
769 2561 832 2680 cim
853 2623 884 2682 iu

207 2720 291 2780 opere
310 2708 337 2759 &
349 2698 519 2760 ‘aranseiiet
537 2701 688 2771 inventus,
712 2699 809 2761 sudore
830 2703 883 2761 de-

210 2779 306 2850 terso,
326 2800 424 2875 togam
439 2801 598 2862 praetertam
618 2785 748 2864 accepit,
770 2793 797 2846 δι
811 2787 887 2849 caesis

209 2859 335 2922 hostibus
350 2863 480 2927 liberavit
498 2865 658 2928 exerciturus
