2134 3668
247 313 309 396 138
384 307 501 378 Aua.
531 305 780 375 Vrc'ronrs‘

243 425 333 508 Eique
346 425 485 508 (eoquod
497 426 568 486 mire
578 427 780 506 praeteritorum
791 445 926 496 memor,

243 526 303 568 tum
319 511 404 588 etiam
425 505 531 581 futuri)
550 506 665 566 dixerit:

424 603 486 664 Rex
500 627 570 666 aava
583 604 699 664 Latinus
712 651 720 676 ‚
737 601 851 666 &urbes

281 685 344 745 Iam
354 683 539 765 finiorlongd
546 685 673 760 placidas
686 686 716 744 in
724 709 793 760 pace
807 683 926 764 regebat..

283 789 337 848 IV.
354 789 422 866 Quo
444 807 578 871 regnante
591 835 599 860 ,
611 789 765 869 ‘Trojanos
790 787 876 856 refert
893 792 928 849 in

245 867 358 930 ltaliam
375 867 519 930 devenille.
536 871 677 946 Quaeritur
693 869 839 950 quomodo
855 869 925 930 Sal-

245 947 340 1010 lustius
354 951 446 1010 dicat:
462 955 574 1028 Cumque
586 950 633 1009 his
641 950 825 1029 Aborigines,
840 951 927 1030 genus

168 1040 169 1044 ’
245 1029 384 1092 hominum
394 1035 491 1112 agreste
501 1077 512 1102 ,
523 1032 582 1090 sim
592 1031 712 1109 legibus,
722 1034 783 1090 sine
794 1032 905 1105 imperio
912 1075 926 1101 ,

245 1113 357 1172 liberum
375 1132 453 1190 atquc
464 1111 593 1190 fhlutum.
615 1112 741 1188 Quidam
758 1131 851 1170 autem
868 1131 927 1170 tra-

246 1191 316 1252 dunt
333 1197 411 1252 terris
430 1191 536 1251 diluvio
551 1196 711 1272 coopertis,
732 1194 836 1272 passim
854 1193 927 1252 mul·
1012 1215 1019 1228 ·

246 1289 290 1332 tos
308 1271 480 1332 diversarum
497 1276 646 1355 regionum
663 1276 692 1332 in
708 1273 872 1342 montibus,
889 1271 927 1332 ad

246 1373 319 1433 quos
339 1351 552 1434 confugerant,
574 1350 721 1412 constitille
746 1375 803 1410 :ex
825 1355 927 1432 quibus

246 1432 385 1512 quosdam
406 1431 499 1492 sedern
521 1453 674 1514 quaerentes
694 1477 705 1504 ,
730 1437 873 1513 perveeios
897 1435 928 1494 in

245 1512 386 1586 ltaliam,
412 1513 585 1596 Aborigines
610 1515 763 1593 appellatos
788 1560 798 1584 ,
829 1511 928 1574 Graeccl

247 1591 352 1654 scilicet
370 1595 577 1674 appellatione,
596 1592 613 1652 *a
629 1595 819 1654 cacuminibus
837 1615 925 1654 mon·

247 1677 316 1734 tium
328 1721 340 1744 ,
362 1678 413 1756 qui
426 1676 467 1736 illi
479 1697 535 1735 orae
549 1673 663 1734 faciunt.
675 1675 735 1734 Alii
747 1675 846 1734 volunt
859 1695 927 1746 eos,

247 1751 325 1834 quiid
345 1775 468 1816 errantes
487 1754 538 1816 illd
554 1759 701 1826 venerint,
716 1753 810 1834 ptimd
828 1755 925 1816 Aber-

246 1837 355 1906 rinenes
375 1879 386 1903 ,
409 1835 470 1916 post
499 1834 606 1906 mutati
628 1833 683 1895 uni
707 1833 824 1906 lineri,
844 1833 929 1895 alterii

248 1897 403 1992 adempti,
423 1916 595 1998 Aborigines
622 1918 849 1998 cognominatos.
868 1916 928 1976 Eos

249 1993 427 2073 advenientes
443 1996 524 2055 Picus
534 1999 661 2076 excepit,
677 1993 819 2077 pennillos
835 2001 928 2057 vivere

248 2094 279 2135 ut
298 2077 410 2137 vellent.
435 2073 501 2136 Post
521 2078 619 2137 Picum
642 2079 771 2160 regnavit
794 2080 824 2137 in
848 2075 929 2138 Itali&

247 2158 390 2229 Faunus,
413 2180 498 2239 quem
524 2155 540 2216 *a
566 2157 654 2218 fando
675 2158 782 2218 dierum
805 2159 928 2229 volunt,

249 2234 327 2318 qudd
351 2241 374 2298 is
403 2238 473 2298 solet
495 2238 589 2298 futura
615 2242 761 2320 praecinere
781 2240 906 2299 versibus
918 2283 929 2310 ,

250 2341 322 2398 quos
337 2319 482 2379 Saturnios
495 2320 632 2379 dicimus:
653 2319 730 2401 quod
746 2341 833 2402 genus
846 2321 930 2378 metri

249 2402 279 2458 in
300 2401 499 2458 vaticinatione
523 2401 664 2476 Saturniae&
681 2404 805 2480 primum
824 2399 926 2480 prodi-

248 2497 311 2537 tum
326 2477 371 2537 est.
393 2479 448 2538 Sed
464 2481 563 2540 urbem
577 2482 711 2541 Saturnus
723 2527 732 2551 ,
744 2479 808 2541 cum
825 2485 853 2540 in
870 2481 928 2540 lta-

250 2560 319 2618 liam
335 2557 450 2620 veniss'et
466 2607 475 2631 ,
494 2560 645 2621 condidill'e
667 2561 791 2622 traditur.
808 2562 877 2641 Ejus
889 2563 930 2620 rei

250 2640 359 2700 Ennius
377 2639 449 2701 testis
467 2641 524 2713 est,
543 2641 607 2702 crim
625 2645 684 2702 ait:

277 2730 310 2790 V
305 2731 408 2792 essibus
415 2755 480 2809 quos
493 2734 655 2793 olimFauni
661 2733 929 2812 vatesquccanebant.

249 2833 335 2910 Hunc
355 2836 482 2896 Faunum
499 2837 621 2922 plerique
642 2837 761 2900 eundem
783 2839 929 2900 Silvanum
