2142 3664
217 339 272 389 nr
292 307 408 392 Vrnrs
426 333 713 390 transferant.
744 341 809 404 ¹97

133 442 237 500 extimas
262 483 272 509 ,
297 437 505 519 Thermopylas
531 440 710 517 occupavit,
737 437 811 496 unde

131 518 264 580 industrii
281 519 375 578 Marci
392 518 513 580 Catonis
530 522 651 598 ejcslus,
666 520 695 576 in
712 518 813 578 Asiam

131 601 192 660 refu
214 603 243 660 it.
269 600 375 660 Navali
403 599 518 679 praelio,
542 601 587 658 cui
617 599 812 658 Hannibalem

129 623 308 762 praedcetat,
327 678 343 739 l
361 677 395 740 L.
409 678 534 739 AEmilio
548 680 683 762 Regillo,
699 677 810 758 supera-

130 781 194 834 tus,
215 760 306 820 filiurn
326 761 465 840 Scipionis
486 759 639 830 Africani,
662 762 811 840 quem-in-

130 861 172 902 tet
197 841 391 923 navigandum
417 860 548 919 ceperat,
576 841 648 920 patri
673 843 810 913 remisit,

130 925 181 1002 qui
194 924 242 993 ei,
256 923 336 1001 quasi
353 941 402 1000 pro
419 915 560 980 reddendi
577 918 685 1003 gratia,
704 918 810 992 suasit,

129 1021 162 1062 ut
186 1003 342 1060 amicitiam
367 1000 529 1061 Romanam
550 1018 678 1080 peteret:
700 1001 808 1060 Antio-

129 1079 200 1142 chus
215 1080 306 1162 spreto
320 1082 438 1140 consilio
455 1081 529 1160 apud
540 1081 669 1161 Sipylum
682 1099 810 1142 montem

130 1183 195 1222 cum
209 1163 243 1222 L.
258 1163 389 1241 Scipione
403 1164 536 1222 conflixit.
555 1163 677 1232 Visius,
693 1169 720 1222 &
739 1163 810 1224 ultra

130 1241 258 1302 Taurum
279 1261 406 1302 montem
424 1245 585 1326 relegatus,
606 1265 622 1302 a
644 1241 809 1315 sodalibus,

130 1345 210 1464 quoss
229 1325 396 1462 temsplentus
420 1326 450 1384 in
474 1326 606 1386 convivio
628 1321 809 1404 pulsaverat,

128 1426 191 1466 occi
206 1427 237 1466 us
259 1427 272 1463 e
298 1451 305 1466 .

169 1487 238 1547 LV.
261 1485 364 1548 Cnaeus
384 1483 511 1546 Manlius
532 1484 626 1546 Vulso
650 1485 807 1561 (Consul)

128 1565 223 1628 missus
251 1567 287 1626 ad
314 1567 501 1626 ordinandam
528 1569 668 1646 Scipionis
690 1569 809 1628 Asiatici
909 1609 911 1614 ,

128 1649 303 1727 provinciam
316 1693 326 1714 ,
341 1647 471 1726 cupidine
488 1645 624 1726 triumphi
639 1647 744 1705 bellum
758 1648 809 1705 Pi-

128 1727 196 1791 sidis
212 1737 239 1788 δι
257 1727 344 1788 Gallo
366 1729 463 1796 raecis,
480 1730 529 1806 qui
548 1723 693 1786 Antiocho
712 1725 809 1785 adsue·

126 1827 212 1877 rant,
233 1809 335 1868 intulit.
389 1809 412 1867 is
424 1806 508 1866 facile
530 1810 629 1880 vistis,
649 1811 719 1866 inter
740 1829 808 1888 cap-

127 1891 202 1948 tivos
224 1909 293 1948 uxor
311 1888 353 1946 Re
376 1891 398 1947 's
427 1887 606 1971 Ortiagontis
634 1887 807 1949 Centurioni

127 1971 239 2030 cuidam
260 1971 290 2028 in
311 1909 464 2028 cudddiam
485 1970 572 2041 data,
589 1967 606 2030 *a
625 1991 682 2049 quo
702 1972 731 2029 vi
750 1967 808 2028 stu-

126 2071 227 2130 prata,
249 2050 283 2110 de
301 2049 402 2129 injurii
415 2052 501 2109 tacuit
516 2073 522 2106 z
536 2060 563 2110 δι
579 2048 642 2131 post
658 2049 807 2129 impetrati

126 2131 321 2200 redemtione,
343 2133 445 2190 marito
458 2131 615 2190 adulterum
631 2129 804 2190 interficien-

128 2211 196 2270 dum
216 2209 338 2270 tradidit.

167 2290 255 2351 LVI.
284 2291 386 2350 Lucius
408 2291 519 2350 Paullus
542 2288 705 2363 AEmilius‚
731 2289 805 2354 silius

126 2376 205 2452 ejus,
231 2374 281 2452 qui
308 2370 382 2450 apud
414 2371 530 2432 Cannas
559 2372 684 2442 cecidit,
731 2375 805 2434 rimo

126 2451 291 2520 consulatu,
307 2473 391 2532 quem
407 2451 468 2533 post
482 2472 534 2512 tres
552 2474 580 2512 re
601 2451 673 2512 ulsas
690 2393 806 2533 adeptus

126 2553 211 2604 erat,
236 2533 270 2592 de
297 2533 447 2614 Liguribus
476 2474 667 2614 triumplavit.
699 2533 805 2596 Rerum

125 2609 265 2695 gestarum
277 2612 405 2672 ordinem
418 2615 448 2671 in
461 2611 557 2674 tabusa
591 2615 678 2674 isium
692 2615 804 2694 publice

126 2690 228 2772 posuit.
249 2688 352 2751 Itertlrn
373 2691 484 2754 Consul
505 2636 605 2754 Persiu
624 2691 748 2775 Philippi
768 2693 804 2753 fi·

127 2775 216 2844 lium,
227 2792 323 2857 regern
333 2771 542 2845 Macedonum,
553 2773 627 2854 apud
637 2771 803 2838 Samothra-

125 2875 172 2916 cas
191 2856 282 2937 cepit,
303 2874 388 2936 qutm
404 2855 510 2918 rislum
527 2856 625 2996 licviti
642 2864 670 2916 &
686 2855 808 2936 assidere,

648 2957 679 3016 ¹¹1
