2110 3666
220 349 285 418 352
361 320 551 391 Sexus
589 322 740 390 Rom

256 443 301 504 11.
323 436 371 502 Ab
397 441 466 500 urbe
494 441 580 523 igitur
605 439 719 500 conditi
748 442 778 500 in
805 459 902 502 ortum

216 523 400 586 perennitatis
429 520 547 592 vestrae,
575 543 633 604 quo
659 519 815 602 prosperius
845 521 899 582 fir-

217 627 297 666 mum
322 605 471 684 imperium
502 602 598 664 Roma
620 601 720 664 sortita
743 601 804 674 est,
829 607 901 665 anni

214 705 397 753 numerantur
422 683 499 742 mille
526 702 638 744 centum
662 683 760 744 decem
782 693 810 744 &
833 683 901 765 sep-

219 787 292 838 tem,
305 769 353 826 tic.
364 766 422 826 Sub
429 765 575 847 Regibus,
590 765 701 825 ducenti
711 764 815 846 quadra
838 769 899 826 inta

219 868 272 908 tres
290 871 296 905 ε
315 845 366 906 sub
381 845 580 916 Consulibus,
598 846 796 930 quadringenti
816 787 900 908 sexa·

177 943 203 970 ‘
220 933 299 1013 ginta
312 926 418 1009 septem
434 952 440 986 :
456 925 506 988 sub
517 927 754 1009 imperatoribus,
769 928 901 1010 quadrin-

220 1013 300 1094 genti
317 1008 432 1090 septem.
451 1009 650 1092 Regnavetunt
662 1009 763 1069 Romae
781 1030 828 1089 per
847 1031 902 1071 au-

221 1113 274 1152 nos
291 1091 427 1152 ducentos
444 1091 630 1174 quadraginta
651 1109 723 1160 tres,
738 1089 831 1174 Reges
846 1113 903 1151 nu-

221 1194 299 1232 mero
326 1171 442 1254 septem.
470 1171 632 1244 Romulus,
657 1173 786 1256 regnavit
809 1193 901 1234 annos

221 1255 339 1337 triginta
362 1251 466 1333 septem
490 1275 498 1309 t
521 1253 698 1322 Senatores,
731 1273 780 1332 per
797 1256 901 1334 quinos

222 1333 281 1395 dies
300 1335 428 1418 singuli,
449 1355 554 1393 annum
572 1355 682 1405 unum3
703 1331 801 1394 Numa
815 1335 902 1395 Pom-

242 1416 328 1486 ilius,
358 1436 448 1476 annos
475 1414 662 1509 quadraginta
689 1433 744 1476 tres
767 1439 781 1490 t,
798 1415 902 1477 Tullus

221 1437 390 1568 {sastilium
416 1517 505 1556 annos
533 1497 649 1581 triginta
676 1494 747 1557 duos
771 1519 779 1554 t
803 1497 902 1558 Ancus

223 1577 371 1648 Marcius,
392 1579 599 1660 annosviginti
617 1596 738 1658 quatuor
753 1599 760 1633 ε
775 1576 901 1658 Tarqui-

223 1662 286 1720 nius
297 1657 427 1731 Priscus,
448 1681 537 1719 antros
557 1659 671 1742 triginta
689 1656 794 1742 septem
810 1683 819 1715 ι
835 1659 903 1720 Ser·

223 1741 286 1801 vius
298 1739 410 1801 Tullius
423 1786 434 1809 ,
456 1761 545 1800 annos
558 1739 744 1822 quadraginta
759 1759 901 1821 quatuor:

223 1819 580 1915 Tarquinius-Superbus,
606 1842 696 1962 tegno
717 1818 843 1902 expulsus
863 1820 904 1882 est

224 1923 301 1962 anno
328 1923 464 1961 Vlceslmo
490 1921 600 1983 quinto.
664 1899 775 1963 onsules
801 1902 904 1964 deinde

225 1981 339 2042 fuerunt
360 1979 377 2040 l
401 1982 487 2041 Bruto
513 1981 708 2043 &Publicola
729 1984 760 2042 in
781 1981 904 2046 Pansam

224 2071 252 2125 &
276 2063 403 2123 Hirtium
422 2084 539 2124 numero
561 2084 754 2124 ccccxvii
774 2110 785 2134 ,
806 2084 905 2146 praeter

227 2165 301 2216 eos,
327 2147 377 2226 qui
396 2147 426 2204 in
443 2145 564 2206 eundem
583 2167 690 2206 annum
713 2142 789 2204 sorte
810 2144 907 2228 aliqu&

226 2223 291 2286 sunt
309 2223 394 2286 subto
416 2229 480 2297 ati3
502 2247 550 2307 per
572 2248 661 2288 annos
684 2225 907 2310 quadringentos

227 2305 373 2388 sexaginta
395 2327 409 2366 e
430 2306 906 2392 tem.Quadragintanovematmis

227 2387 328 2448 Romae
336 2328 475 2448 Consules
485 2387 643 2460 defuerunt,
653 2391 692 2448 ita
704 2411 711 2446 τ
723 2385 774 2450 sub
784 2389 908 2450 Decem·

226 2469 319 2540 viris,
342 2472 421 2529 annis
443 2468 578 2540 duobus3
601 2467 653 2530 sub
666 2469 802 2530 Tribunis
823 2471 907 2530 mili·

229 2569 311 2620 tum,
330 2553 411 2610 annis
425 2551 612 2634 quadraginta
631 2551 719 2612 tribus
736 2574 743 2608 t
762 2553 822 2611 sine
840 2552 912 2612 Ma-

230 2629 388 2716 gistratibus
405 2631 500 2692 Roma
516 2631 571 2691 suit
590 2634 670 2692 annis
691 2650 820 2772 guatuor.
842 2632 908 2694 lm-

230 2730 371 2793 peratotes
395 2712 431 2770 ab
456 2713 618 2773 Octaviano
643 2713 693 2774 Cae
709 2733 754 2772 ate
779 2711 911 2796 Augusto

230 2792 316 2876 usque
336 2794 372 2854 ad
392 2793 544 2854 Iovianum
566 2793 679 2854 fuerunt
698 2814 818 2854 numero
837 2815 913 2874 qua-

230 2875 361 2959 draginta
373 2895 494 2957 quatuor
505 2923 518 2947 ,
540 2896 590 2958 pet
604 2896 693 2938 annos
711 2875 909 2958 quadringen-

232 2974 277 3016 tos
300 2956 414 3039 septem.
