2142 3664
209 295 279 374 236
351 283 476 356 Aua.
506 287 719 356 Vrcron

207 407 300 464 minus
317 402 411 465 sanae
432 404 523 466 facilis
542 407 572 466 in
588 405 722 477 tuendis,
741 407 792 487 qui
815 405 890 467 sortb

207 489 238 544 in
258 485 285 545 se
300 485 519 566 conspirdffent3
542 487 613 547 adeo
633 507 662 547 ut
681 485 745 546 crim
765 491 887 568 amplis-

207 569 273 626 simi
290 568 395 626 ordinis
415 569 493 638 duo‚
514 569 634 628 abnuere
655 570 811 650 cogitatum
828 569 890 629 sce-

208 649 250 708 lus
283 651 453 729 nequirent,
481 648 629 730 Patresque
660 647 824 709 censuissent
856 649 892 709 de

211 729 346 788 confessis
361 728 527 808 supplicium
544 730 732 802 sumendum,
754 731 890 791 deduclo's

211 813 241 869 in
255 808 442 889 specbaculum
458 810 484 870 se
501 815 639 894 utrimque
654 811 772 871 assidere
788 813 890 890 jussit3

211 894 355 974 petitoque
369 915 402 951 ex
420 891 552 952 industrii
566 893 728 974 gladiatoris
742 938 750 964 ,
770 914 894 974 quorum

212 993 313 1055 pugnae
333 972 516 1044 visebantur,
541 974 661 1056 gladio,
683 975 763 1055 quasi
784 974 820 1033 ad
839 995 892 1033 ex-

212 1053 379 1136 plorandam
398 1058 511 1126 aciem,
535 1058 584 1114 uni
604 1075 688 1137 atque
706 1057 786 1114 alteri
807 1077 893 1114 corn-

214 1139 354 1206 mittere3
383 1136 445 1218 quls
475 1138 627 1216 perculsis,
654 1145 681 1196 &
707 1134 895 1198 constantiam

215 1218 381 1277 mirantibus
398 1215 588 1289 :Videtisne,
609 1220 722 1299 inquit,
742 1217 895 1280 Potestates

215 1300 287 1358 Fato
308 1299 389 1370 drri,
412 1297 563 1380 frustraque
585 1302 685 1359 tentari
709 1298 817 1360 facinus
840 1321 897 1380 po·

216 1379 308 1440 riundi
325 1378 394 1458 spe,
415 1381 459 1440 vel
474 1380 622 1440 amittendi
638 1387 737 1439 metu?
756 1379 800 1440 Ita
813 1382 897 1440 bien-

217 1464 267 1520 nio
290 1459 375 1540 post,
401 1482 434 1520 ac
457 1460 564 1520 menses
585 1460 642 1522 fere
665 1482 792 1532 novem,
817 1462 896 1522 Am-

218 1540 371 1622 phitheatri
396 1541 518 1620 perseslo
541 1563 648 1622 opere,
674 1539 820 1623 lautusque
842 1563 897 1602 ve-

218 1645 294 1683 neno
322 1623 448 1692 interiit,
473 1645 549 1684 anno
576 1625 628 1683 aevi
656 1623 898 1704 quadragesim03

220 1704 284 1764 etim
304 1710 361 1784 ejus
377 1723 453 1784 pater
469 1703 674 1787 septuagesimo
692 1702 822 1778 obiisset,
843 1705 900 1764 Im-

220 1803 331 1867 perator
356 1785 492 1845 decennii.
521 1786 613 1865 Hujus
638 1783 703 1846 sane
730 1807 805 1846 mors
827 1786 899 1846 adeo

220 1867 371 1947 provinciis
397 1867 483 1925 luctui
512 1865 589 1938 fuit,
615 1868 677 1937 uti,
704 1869 813 1950 generis
842 1865 900 1926 hu-

221 1949 302 2006 mani
315 1947 428 2006 delicias
443 1948 636 2028 appellantes,
653 1948 785 2010 orbatum
802 1948 902 2008 orbem

223 2029 363 2090 deflerent.

276 2109 341 2172 XI.
374 2110 463 2193 Igitur
490 2111 673 2172 Domitianus
700 2109 791 2172 fratris
817 2130 903 2190 atque

224 2191 403 2270 Imperatoris
427 2195 530 2272 optimi
554 2215 645 2264 nece,
670 2195 779 2272 privato
798 2190 905 2272 vscelere

245 2274 395 2355 ublicoque
409 2277 567 2345 ementior,
582 2273 665 2334 simul
678 2269 825 2332 maculosae
836 2273 908 2332 ado·

225 2293 391 2426 sescentiae,
422 2355 526 2434 praedas
553 2399 562 2424 ,
603 2353 737 2422 caedem,
767 2351 906 2431 supplicia

227 2457 310 2518 agere
329 2438 458 2514 occoepit.
479 2435 576 2511 Major
598 2431 749 2490 libidinum
771 2434 909 2515 flagitio,

210 2535 261 2576 'ac
293 2517 353 2596 plus
386 2515 471 2596 quam
505 2513 620 2592 superbe
657 2532 737 2572 utens
768 2513 908 2577 Patribus.

229 2593 343 2678 Quippe
368 2598 417 2676 qui
445 2593 472 2654 se
495 2595 657 2655 Dominum
676 2595 828 2678 Deumque
852 2595 909 2655 dici

229 2679 377 2762 coEgerit3
402 2676 479 2756 quod
503 2675 650 2736 confestim
672 2677 708 2736 ab
731 2675 907 2758 insequenti-

229 2759 281 2820 bus
316 2776 482 2830 remotum,
515 2757 634 2818 validids
668 2757 758 2816 multo
794 2756 911 2838 posthac

231 2841 366 2923 deinceps·
382 2841 504 2902 retulere.
528 2839 585 2902 Sed
608 2840 792 2901 Domitianus
817 2838 911 2924 primd
