2060 3662
136 324 138 328 ·
218 296 265 378 84
386 291 705 360 Errrrtorrr

219 411 330 494 pasiani
345 409 525 488 Imperatoris
539 406 622 482 fratre
637 457 646 480 ‚
665 430 749 490 quem
763 431 827 468 cum
843 411 908 472 Ca-

218 494 321 574 pitolio
341 491 475 552 incendit.
494 489 658 550 Interfellus
678 511 773 550 autem
794 489 856 564 est,
876 502 906 552 ὃ(

220 596 285 634 curn
308 595 415 656 magno
443 572 579 632 dedecore
603 575 705 632 trelius
735 593 783 651 per
806 573 906 632 urbem

220 655 348 716 Romam
369 654 502 730 publice,
524 653 638 724 nudus,
662 653 752 712 erecta
775 652 859 712 comi
877 663 907 714 &

221 738 336 816 capite,
359 733 484 814 subjecto
503 734 540 795 ad
556 753 684 794 mentum
698 733 795 818 gladio
810 779 820 805 ,
838 733 915 798 ster-¹

222 839 290 876 core
307 819 336 876 in
357 817 467 876 vultum
489 825 517 876 &
534 819 628 895 petrus
648 816 685 874 ab
700 815 834 875 omnibus
852 816 908 874 ob-

222 900 276 956 viis
296 900 433 978 appetitus
455 921 461 954 ι
481 895 621 977 ριοῐὶῑειηὸ
644 898 809 978 jugulatus,
828 904 855 956 &
876 898 907 956 in

222 979 354 1038 Tiberim
377 978 522 1057 dejeeffls,
546 979 632 1037 etiam
652 979 799 1038 communi
820 979 909 1037 caruit

222 1059 371 1140 sepulturis.
397 1059 483 1120 Periit
499 1078 594 1120 tutem
613 1061 700 1124 aetatis
719 1052 795 1119 rinno
817 1057 906 1139 septi-

223 1164 275 1202 rno
288 1152 316 1202 δι
332 1143 591 1224 quinquagesimo,
613 1142 725 1221 imperii
740 1138 836 1200 mense
857 1161 908 1199 oc-

224 1243 294 1284 tavo
314 1223 402 1282 &die
418 1244 484 1282 une.

267 1303 359 1364 XIX.
380 1301 572 1383 Vespasianus
590 1300 655 1364 huic
674 1301 828 1372 successit,
853 1301 910 1362 fac·
953 1317 957 1324 ‘

227 1405 271 1445 tus
293 1383 368 1464 apud
389 1383 567 1444 Palaestinam
588 1385 765 1464 Imperator:
784 1386 911 1465 princeps

227 1463 346 1526 obscure
362 1465 479 1546 quidem
497 1485 602 1536 natus,
625 1464 673 1526 sed
692 1468 810 1546 optimis
830 1487 912 1524 corn-

227 1546 390 1628 parandus,
411 1545 519 1628 privati
535 1546 594 1606 vitai
614 1544 748 1616 illustris5
773 1567 804 1606 ut
824 1549 874 1628 qui
895 1544 912 1606 a

229 1627 357 1690 Claudio
380 1630 410 1688 in
436 1628 647 1698 Germaniam,
671 1627 772 1688 deinde
794 1629 824 1688 in
845 1629 910 1686 Bri-

229 1712 358 1771 ranniam
383 1706 501 1782 miffar,
523 1710 660 1770 tricies&
681 1709 724 1769 bis
747 1730 812 1768 cum
833 1705 913 1768 hoste

227 1793 385 1851 conflixerit
399 1813 409 1864 3
433 1791 503 1852 duas
517 1790 705 1850 validissimas
727 1809 845 1873 gentes,
863 1793 911 1850 vi·-

228 1875 304 1956 ginti
317 1871 445 1952 oppida,
463 1870 584 1932 insulani
598 1872 743 1943 Veliam,
763 1872 914 1932 Britanniae

250 1955 422 2024 toximant,
454 1954 573 2034 irnperio
601 1952 736 2014 Romano
770 1953 913 2033 adjecerit.

228 1975 331 2096 llomae
344 2033 374 2096 se
387 2035 417 2094 in
431 2036 550 2115 imperio
566 2033 789 2096 moderatissime
807 2037 913 2117 gessit:

227 2119 354 2198 pecunie
375 2114 485 2178 tannim
506 2115 616 2176 avidior
637 2113 714 2186 fuit,
740 2118 780 2177 ita
801 2135 832 2175 ut
850 2137 915 2174 earn

231 2199 302 2260 nulli
331 2197 430 2277 injuste
460 2197 579 2258 auferret
604 2220 612 2254 t
634 2218 721 2276 quam
746 2194 810 2256 crim
834 2199 917 2256 omni

139 2297 145 2306 ·
233 2279 283 2341 dili
305 2283 385 2338 entire
418 2281 577 2356 provisione
605 2277 752 2360 colligeret
775 2321 785 2347 ‚
820 2296 916 2336 tamen

228 2301 433 2420 'stuliosissine
455 2360 649 2441 largiebatur,
677 2359 812 2437 praecipue
835 2358 915 2418 indi—

227 2441 364 2524 gentibus
380 2463 390 2511 3
412 2461 463 2500 nec
482 2439 566 2500 facile
585 2457 733 2500 anteeant
751 2436 917 2521 cujusquam

167 2594 168 2598 ἵ
231 2524 365 2602 principis
391 2521 437 2582 vel
465 2526 557 2602 major
584 2517 625 2578 est
648 2521 802 2582 liberalitas
830 2543 916 2580 corn-

233 2621 311 2684 perta
325 2647 338 2672 ,
356 2603 401 2662 vel
420 2599 517 2681 justior
531 2627 539 2662 t
553 2601 749 2684 placidissime
770 2601 894 2664 lenitatis
909 2649 917 2674 ‚

235 2703 267 2744 ut
292 2686 341 2765 qui
364 2682 517 2764 majestatis
541 2705 656 2766 quoque
684 2703 782 2746 contra
806 2680 920 2742 serens

233 2787 293 2826 non
307 2765 391 2826 facile
404 2769 514 2846 puniret
529 2767 601 2828 ultra
617 2766 707 2826 exsilii
720 2785 844 2844 pernam.
859 2765 921 2826 Sub

234 2844 291 2910 bric
314 2846 411 2910 Judaea
432 2847 568 2910 Romano
590 2849 705 2910 accessit
725 2848 845 2928 imperio
860 2855 923 2918 3¹&
