2110 3666
227 326 295 393 292
346 300 474 374 Aua.
503 302 786 374 Vrcronts

224 427 312 484 testas
334 424 450 504 protulit
471 421 521 484 suo
540 425 666 482 nomine.
688 423 799 493 Auxit,
823 443 911 484 orna·
976 415 980 423 ’

222 508 320 586 vitque
339 504 465 564 Romam
484 501 610 563 aedificiis
628 503 743 574 multis,
767 500 819 562 isto
843 505 910 587 glo-

224 588 301 646 tians
321 585 418 656 diuo,
436 585 547 646 Urbem
564 585 716 644 lateritiam
737 586 844 666 reperi,
864 607 910 644 re·

224 667 325 746 linquo
350 685 549 726 marmoream.
575 667 639 725 Fuit
663 667 766 734 mitis,
790 685 909 748 gratus,

225 749 316 808 civilis
336 749 425 807 animi
445 756 473 807 δι
493 745 603 828 lepidi,
624 765 673 805 cot
692 767 740 805 ore
759 765 821 806 toto
841 747 909 827 pul·

226 825 324 898 cher,
351 826 399 888 sed
419 829 508 888 oculis
536 830 637 912 magis.
660 768 792 906 &uorum
807 831 910 890 aciem

225 909 445 970 clarissimorum
468 909 587 969 siderum
611 909 698 968 modo
720 908 856 980 vibrans,
875 909 911 970 li-

226 991 324 1050 benter
355 990 512 1070 accipiebat
539 989 600 1049 cedi
634 990 671 1049 ab
703 989 912 1051 intendentibus

225 1091 364 1153 tanquam
384 1073 459 1133 Solis
476 1071 562 1131 radiis
581 1069 704 1152 aspediui
724 1068 783 1130 suo.
807 1072 836 1131 A
857 1093 910 1131 cu-

226 1158 270 1233 jus
290 1153 363 1213 facie
387 1151 452 1213 crim
471 1152 589 1234 quidam
611 1153 691 1212 miles
711 1151 809 1212 oculos
827 1173 927 1213 aver-·

227 1253 321 1306 teret,
337 1243 364 1295 δι
381 1237 598 1318 interrogaretur
617 1234 653 1294 ab
672 1254 728 1302 eo,
748 1253 795 1292 cur
815 1235 854 1294 ita
868 1233 914 1294 fa·

226 1334 323 1386 ceter,
344 1312 488 1396 respondit
508 1339 515 1372 ε
539 1315 616 1392 Quia
635 1313 744 1374 fulmen
765 1315 913 1376 oculorum

228 1415 341 1458 tuorum
361 1394 434 1455 ferre
454 1417 513 1455 non
532 1393 652 1476 poiium.
676 1395 739 1456 Nec
759 1414 854 1456 tamen
871 1399 915 1456 vir

228 1497 326 1548 tantun
348 1477 424 1537 vitiis
454 1479 553 1537 tatuit.
577 1477 642 1537 Fuit
666 1477 743 1535 enim
769 1473 915 1556 paululritn

228 1561 400 1640 impatiens,
419 1559 516 1618 leviter
536 1557 706 1628 iracundus,
727 1559 837 1617 occulte
864 1559 914 1618 in-

229 1642 334 1712 vidus,
357 1637 450 1720 polim
468 1638 622 1711 fatiiosus3
639 1636 724 1721 porrd
745 1658 837 1698 autem
856 1638 915 1698 do-

231 1721 385 1793 minandi,
410 1719 491 1802 supra
539 1718 605 1781 uim
635 1719 765 1780 aestimari
796 1718 916 1802 potest,

231 1804 410 1865 avidissimus
436 1847 445 1874 ,
480 1742 698 1864 studiosissimus
729 1801 795 1860 aleae
828 1798 915 1863 lusor.

233 1885 368 1966 Cumque
389 1879 461 1946 effeti
475 1883 532 1942 tibi
554 1905 587 1942 ac
610 1884 671 1941 vini
692 1880 833 1954 multiim,
857 1884 927 1942 ap„

234 1986 372 2048 quatenus
392 1961 460 2023 verb
481 1961 575 2022 somni
598 1961 920 2035 abstinens,'seruiebac

235 2067 332 2108 tamen
350 2043 462 2105 libidini
475 2042 562 2126 usque
582 2043 619 2104 ad
641 2046 776 2126 probrum
794 2045 920 2128 vulgaris

234 2128 329 2192 famae.
357 2126 436 2187 Nam
463 2128 535 2186 inter
565 2125 716 2186 duodecim
744 2127 918 2200 catamitos,

237 2209 413 2289 totidemque
434 2209 558 2288 puellas,
579 2208 714 2268 accubare
734 2205 831 2267 solitus
851 2225 920 2269 erat.

237 2289 359 2370 Abjeue
383 2310 496 2370 quoque
518 2310 602 2349 uxore
626 2289 798 2360 Scribonii,
823 2310 922 2364 amore

238 2373 337 2432 alienae
365 2365 493 2453 conjugis
518 2367 669 2451 poiieiius,
701 2371 814 2430 Liviam
859 2372 923 2430 uasi
961 2402 963 2409 ι

237 2455 345 2514 marito
370 2450 540 2511 concedente
563 2453 618 2510 sibi
644 2454 798 2530 conjunxit.
831 2391 924 2512 ἕως

238 2535 328 2598 Livite
349 2535 408 2611 jam
431 2551 509 2592 etant
529 2531 580 2592 filii
600 2533 733 2592 Tiberius
754 2542 781 2594 &
801 2473 922 2593 Dtudus.

241 2613 376 2695 Ctimque
400 2609 465 2672 ciiet
491 2613 606 2674 iuxuriae
632 2612 772 2685 serviens,
795 2633 852 2673 etat
878 2633 925 2676 ta-

241 2719 308 2762 men
324 2691 447 2774 ejusdem
460 2695 523 2755 vitii
536 2693 722 2755 severissimus
735 2695 824 2766 ultor,
843 2715 925 2754 more
983 2692 988 2700 ’

242 2777 415 2847 hominum,
434 2779 483 2858 qui
503 2778 533 2835 in
552 2775 716 2836 ulciscendis
734 2777 832 2846 vitiis,
873 2777 923 2834 ui-

243 2861 295 2922 bus
313 2861 366 2942 ipsi
378 2855 556 2920 vehementer
572 2857 740 2942 indulgent,
758 2876 835 2918 acres
849 2797 926 2922 idum.
