2134 3668
257 304 324 381 164
398 295 821 390 AunVicrou

252 412 273 474 fi
301 418 398 484 savit,
410 415 566 475 Romulum
585 409 642 476 *ase
658 419 688 476 in
706 415 778 475 colle
794 411 945 493 Quirinali

252 497 345 555 visum
360 495 515 635 aufustiore
531 493 640 568 fortnd,
659 495 723 556 crim
737 497 772 556 ad
785 494 863 557 Deos
878 500 943 557 abi-

255 595 317 645 tet,
334 595 387 635 eun
408 598 508 660 emque
522 581 689 658 praecipere,
710 597 741 636 ut
751 576 942 639 seditionibus

255 655 453 730 abstinerent,
476 662 608 718 virtutem
634 660 757 719 colerent
775 681 785 729 3
807 657 941 719 futurum

255 757 287 796 ut
311 741 439 798 omnium
474 743 600 822 gentium
632 735 743 798 domini
770 737 942 801 exsisterent.

256 818 349 896 Hujus
374 823 530 879 auctoritati
556 819 691 878 creditum
717 817 763 879 est.
790 817 883 880 AEdes
907 824 943 880 in

257 900 329 959 colle
358 901 500 976 Quirinali
528 900 653 960 Romulo
685 899 855 972 constituta,
878 900 943 980 ipl’e

258 999 308 1062 pro
322 981 386 1039 Deo
403 983 491 1040 cultus
503 1027 513 1050 ,
526 991 552 1040 &
567 982 703 1058 Quirinus
720 979 758 1052 est
774 982 940 1062 appellatus.

300 1061 361 1121 1112
384 1061 449 1122 Post
465 1061 702 1122 consecrationem
716 1059 855 1132 Romuli,
873 1060 941 1121 crim

260 1140 309 1200 dut
334 1144 522 1226 interregnum
546 1140 633 1212 esset,
657 1153 683 1202 &
706 1139 855 1202 seditiones
880 1146 943 1202 ori-

260 1243 374 1292 rentur,
395 1223 492 1283 Numt
507 1225 662 1303 Pompilius
675 1224 830 1302 Pomponis
846 1221 941 1295 filius,

261 1303 384 1364 Curibus
406 1305 512 1386 oppido
535 1306 704 1364 Sabinorum
727 1307 850 1375 accitus,
874 1302 941 1364 crim

261 1384 453 1444 addicentibus
472 1386 570 1445 avibus
595 1386 720 1444 Romam
747 1379 884 1456 veniffet,
910 1405 943 1444 ut

263 1465 398 1545 populum
422 1465 511 1526 ferum
537 1468 673 1534 relictione
695 1466 840 1536 molliret,
861 1465 942 1526 sacra

263 1546 383 1626 plurima
401 1546 539 1616 instituit3
560 1548 648 1606 adem
664 1544 756 1605 Vestae
773 1546 861 1618 fecit,
883 1549 943 1606 vir-

266 1630 345 1688 aines
360 1625 486 1687 Vestales
505 1628 596 1710 legit3
616 1629 757 1688 flamines
773 1647 848 1698 tres,
867 1629 941 1688 Dia-

263 1711 320 1769 l‘m
333 1709 534 1779 Martialem,
548 1709 725 1786 Quirinalem
738 1756 746 1780 ,
759 1709 850 1768 Salios
861 1709 943 1768 Mar·

248 1791 300 1850 't's
318 1787 491 1858 sacerdotes,
514 1811 634 1870 quotum
652 1793 754 1868 primus
773 1787 874 1848 Praesul
889 1811 943 1850 uo·

266 1889 281 1928 c
300 1889 364 1939 tur,
381 1890 440 1928 xrr.
460 1868 584 1930 instituit.
601 1867 767 1930 Pontificem
780 1869 942 1930 Maximum

266 1969 282 2010 c
298 1951 378 2008 ervit.
393 1951 489 2008 Portas
501 1951 573 2010 Jano
588 1954 703 2034 gemino
718 1949 873 2011 aedificavit.
885 1952 944 2012 An-

265 2053 335 2092 nun
350 2032 379 2089 in
398 2049 456 2090 xri.
474 2029 582 2090 menses
596 2027 754 2104 distribuit,
775 2031 877 2092 additis
895 2033 943 2092 Ja-

267 2135 307 2173 nu
326 2114 367 2170 tio
389 2121 415 2171 &
432 2113 590 2172 Februario.
616 2113 705 2196 Leges
724 2133 838 2194 quoque
856 2112 944 2192 plures

269 2203 297 2254 &
316 2194 394 2252 utiles
408 2193 493 2270 [tulit
504 2195 533 2270 :]
553 2195 666 2264 omnia,
681 2197 692 2272 [
705 2215 765 2274 que
783 2193 915 2275 gerebat,
930 2194 941 2268 ]

269 2279 300 2352 ju
309 2271 339 2330 lu
363 2273 471 2354 Egetiae
492 2272 646 2354 nympha,
666 2277 793 2356 conjugis
817 2271 870 2332 suae
888 2319 898 2344 ,
918 2271 946 2332 le

271 2353 362 2414 facere
377 2354 518 2414 simulans.
538 2355 587 2413 Ob
603 2353 675 2415 hanc
691 2373 799 2414 tantam
813 2352 945 2432 justitiam

270 2435 376 2494 bellum
396 2436 421 2492 ei
440 2455 524 2493 nemo
541 2436 643 2496 intulit.
662 2435 771 2494 Morbo
789 2431 894 2494 solutus
917 2437 946 2494 in

270 2515 401 2576 Janiculo
416 2513 535 2594 sepultus
555 2515 613 2587 est,
631 2516 680 2575 ubi
699 2513 760 2596 post
768 2511 877 2576 ¹multos
892 2537 946 2574 an·

272 2617 323 2655 nos
343 2596 435 2656 arcula
453 2617 516 2655 curn
537 2597 614 2657 libris
636 2595 803 2656 itTerentio
824 2595 946 2678 quodam

272 2696 383 2736 exarata
405 2699 411 2732 z
433 2679 482 2758 qui
506 2677 595 2748 libri,
623 2679 689 2758 quia
714 2679 787 2738 leves
812 2675 947 2758 quasdam

274 2756 414 2817 sacrorum
433 2757 528 2817 causas
548 2759 755 2830 continebant,
774 2779 807 2817 ex
824 2757 946 2818 austori-

273 2857 329 2898 tate
347 2839 461 2900 Parrum
480 2841 594 2900 cremati
612 2837 681 2898 sunt.
