2142 3664
263 301 333 362 216
404 287 782 359 AunVrcrou

261 433 326 472 tum
348 410 459 474 dicerer.
487 407 614 487 Quaestor
641 411 670 470 in
692 409 821 490 Cyprum
846 405 940 470 misius

262 492 299 552 ad
320 489 478 552 vehendam
498 512 532 549 ex
551 491 696 550 Ptolemaei
715 489 873 560 haereditate
891 512 941 569 pe-

263 575 376 631 cuniam
387 615 399 642 ,
421 593 484 630 cum
505 570 616 630 summi
634 592 696 630 eam
714 569 769 630 fide
809 572 940 642 erduxit.;

262 651 392 734 praeterei
403 657 560 730 conjuratos
570 651 725 731 puniendos
736 593 850 712 ceniuit.
861 653 939 710 Bello

264 734 361 804 ciuili,
383 733 512 812 Pompeii
541 753 630 812 patres
660 729 768 792 secutus
795 730 857 801 est3
881 754 940 813 quo

175 815 177 818 ’
262 815 360 884 viiio,
381 813 530 872 exercitum
565 834 592 871 er
607 810 713 874 deserta
727 812 829 872 Africae
845 812 941 886 duxit,

263 893 313 952 ubi
329 895 454 974 Scipioni
472 835 626 954 Coniulnri
645 893 768 953 delatum
783 894 820 954 ad
840 889 868 950 se
886 894 942 970 irn-⁴

263 976 373 1056 perium
387 977 529 1036 concessit.
547 973 638 1034 Victis
654 975 803 1056 partibus,
823 973 942 1034 Uticam

264 1058 422 1127 concessit,
443 1055 492 1115 ubi
505 1053 594 1114 filiurn
609 1053 757 1126 hortatus,
774 1074 804 1114 ut
819 1051 942 1114 clemen-

265 1138 336 1195 tiam
353 1135 473 1197 Caesaris
493 1137 685 1215 experiretur,
706 1133 765 1216 ipse
782 1135 857 1194 letto
874 1135 942 1202 Pla·-

264 1219 340 1275 tonis
357 1218 453 1287 libro,
474 1219 524 1296 qui
544 1216 678 1276 debonis
697 1217 795 1276 mottis
813 1213 874 1286 est,
893 1213 952 1282 ses

264 1317 325 1356 met
343 1297 455 1356 occidit.

306 1376 440 1438 Lxxxl,
461 1377 576 1438 Marcus
600 1375 710 1436 Tullius
735 1375 863 1448 Cicero,
887 1397 942 1459 ge,-

266 1478 331 1518 nere
346 1459 485 1537 Arpinas,
512 1476 588 1537 patre
608 1457 711 1538 Equite
732 1457 867 1516 Romano
885 1480 942 1518 na·

266 1555 309 1598 tus
324 1584 334 1608 ,
359 1559 445 1622 genus
459 1536 475 1598 i
487 1537 574 1597 Tullo
587 1538 667 1598 Attio
681 1559 747 1620 rege
761 1537 848 1598 duxit.
862 1537 946 1598 Ado-

262 1617 371 1696 ]escens
388 1618 531 1679 Rosiiano
553 1617 659 1698 judicio
680 1620 893 1700 eloquentiam,
917 1629 946 1680 δι

266 1701 424 1760 libertatem
444 1697 523 1760 suam
541 1698 687 1759 adversim
704 1699 833 1760 Sullanos
850 1697 946 1762 osten·

268 1781 331 1854 dit,
354 1801 388 1840 ex
404 1803 461 1863 quo
478 1783 578 1840 veritus
595 1780 730 1840 invidiam
748 1779 874 1842 Athenas
890 1777 946 1840 stu-

267 1860 378 1920 diorum
390 1859 480 1944 gratii
491 1863 606 1939 petivit,
620 1862 669 1920 'ubi
680 1859 854 1920 Antiochum
865 1861 946 1922 Aca-

268 1940 411 2000 demicum
442 1939 642 2021 philosophum
674 1939 795 2002 studiosi
827 1942 944 2004 audivit.

267 2020 338 2084 Inde
356 2022 521 2102 eloquentiae
540 2019 629 2102 gratii
644 2021 763 2095 Asiam,
784 2019 845 2102 post
862 2020 947 2082 Rho-

269 2101 338 2162 durn
353 2103 456 2183 petiit,
477 2102 527 2160 ubi
540 2103 691 2162 Molonem
705 2101 858 2174 Graccum,
878 2099 946 2162 the·

264 2181 361 2243 'torem
377 2203 436 2243 tum
457 2181 691 2254 disertissimum,
712 2205 758 2242 mn
780 2181 874 2245 istrum
894 2181 948 2244 ha·

268 2264 360 2334 huit3
385 2267 434 2344 qui
464 2261 536 2322 fiisse
564 2264 663 2324 dicitur
688 2263 745 2344 quh
793 2285 841 2345 per
871 2259 947 2326 hunc

270 2344 382 2404 Gtaecia
397 2345 561 2425 eloquentia:
578 2345 660 2406 laude
694 2347 836 2406 rivaretur.
859 2345 950 2422 Quac-

269 2421 327 2484 stor
350 2425 475 2484 Siciliam
498 2423 604 2488 habuit.
630 2366 736 2486 AEiilis
760 2423 797 2486 C.
825 2422 949 2486 Verrem

269 2505 484 2584 repetundarum
503 2506 655 2566 damnavit.
681 2505 785 2564 Praetor
811 2505 948 2568 Ciliciam

265 2583 424 2645 latrociniis
439 2587 576 2647 liberavit.
595 2583 705 2650 Consul
723 2591 883 2664 conjuratos
900 2607 949 2646 ca-

291 2668 328 2723 ite
349 2669 464 2744 punivit.
487 2668 560 2728 Mox
579 2666 686 2733 invidii
705 2667 737 2726 P.
755 2665 877 2738 Clodii,
897 2669 946 2726 in-

271 2687 426 2828 iiinciuque
444 2745 564 2809 Caesaris
578 2757 605 2807 &
626 2749 778 2826 Pompeii,
800 2769 871 2828 quos
889 2746 947 2806 do·

267 2828 434 2910 minationis
455 2827 619 2910 suspecios,
641 2825 760 2902 eidem,
782 2827 836 2910 qui
855 2849 949 2967 qrpprt-

904 2931 952 2967 am
