<?xml version="1.0" encoding="UTF-8"?>
<!DOCTYPE html PUBLIC "-//W3C//DTD XHTML 1.0 Transitional//EN"
    "http://www.w3.org/TR/xhtml1/DTD/xhtml1-transitional.dtd">
<html xmlns="http://www.w3.org/1999/xhtml" xml:lang="en" lang="en">
 <head>
  <title>
</title>
<meta http-equiv="Content-Type" content="text/html;charset=utf-8" />
  <meta name='ocr-system' content='tesseract 3.04.00' />
  <meta name='ocr-capabilities' content='ocr_page ocr_carea ocr_par ocr_line ocrx_word'/>
</head>
<body>
  <div class='ocr_page' id='page_1' title='image "./eutropiisextaur00victgoog_0023.png"; bbox 0 0 2060 3662; ppageno 0'>
   <div class='ocr_carea' id='block_1_1' title="bbox 216 299 694 389">
    <p class='ocr_par' dir='ltr' id='par_1_1' title="bbox 216 299 694 389">
     <span class='ocr_line' id='line_1_1' title="bbox 216 299 694 389; baseline -0.008 -15"><span class='ocrx_word' id='word_1_1' title='bbox 216 323 262 389; x_wconf 84' lang='lat'>14</span> <span class='ocrx_word' id='word_1_2' title='bbox 383 299 694 372; x_wconf 74' lang='lat' dir='ltr'>Enrrorrr</span> 
     </span>
    </p>
   </div>
   <div class='ocr_carea' id='block_1_2' title="bbox 214 411 942 2843">
    <p class='ocr_par' dir='ltr' id='par_1_2' title="bbox 214 411 902 1217">
     <span class='ocr_line' id='line_1_2' title="bbox 214 411 894 504; baseline 0.003 -20"><span class='ocrx_word' id='word_1_3' title='bbox 214 419 391 484; x_wconf 82' lang='lat' dir='ltr'>defensorem</span> <span class='ocrx_word' id='word_1_4' title='bbox 409 421 550 504; x_wconf 78' lang='lat' dir='ltr'>pudicitiae</span> <span class='ocrx_word' id='word_1_5' title='bbox 568 411 645 494; x_wconf 85' lang='lat' dir='ltr'>sttae,</span> <span class='ocrx_word' id='word_1_6' title='bbox 666 424 746 504; x_wconf 85' lang='lat' dir='ltr'>quasi</span> <span class='ocrx_word' id='word_1_7' title='bbox 767 441 894 486; x_wconf 86' lang='lat' dir='ltr'>commu·</span> 
     </span>
     <span class='ocr_line' id='line_1_3' title="bbox 214 504 897 584; baseline 0.003 -19"><span class='ocrx_word' id='word_1_8' title='bbox 214 525 281 566; x_wconf 85' lang='lat' dir='ltr'>nem</span> <span class='ocrx_word' id='word_1_9' title='bbox 295 521 420 584; x_wconf 84' lang='lat' dir='ltr'>patrem,</span> <span class='ocrx_word' id='word_1_10' title='bbox 434 523 601 584; x_wconf 87' lang='lat' dir='ltr'>perannum</span> <span class='ocrx_word' id='word_1_11' title='bbox 614 504 749 564; x_wconf 81' lang='lat' dir='ltr'>luxerunt.</span> <span class='ocrx_word' id='word_1_12' title='bbox 765 506 897 568; x_wconf 76' lang='lat' dir='ltr'>Valerius</span> 
     </span>
     <span class='ocr_line' id='line_1_4' title="bbox 215 585 896 667; baseline -0.001 -19"><span class='ocrx_word' id='word_1_13' title='bbox 215 585 363 648; x_wconf 84' lang='lat' dir='ltr'>Publicola</span> <span class='ocrx_word' id='word_1_14' title='bbox 379 586 510 665; x_wconf 90' lang='lat' dir='ltr'>Spurium</span> <span class='ocrx_word' id='word_1_15' title='bbox 520 587 680 644; x_wconf 87' lang='lat' dir='ltr'>Lucretium</span> <span class='ocrx_word' id='word_1_16' title='bbox 693 585 896 667; x_wconf 83' lang='lat' dir='ltr'>Tricipitinum</span> 
     </span>
     <span class='ocr_line' id='line_1_5' title="bbox 217 667 893 750; baseline 0.003 -24"><span class='ocrx_word' id='word_1_17' title='bbox 217 667 358 750; x_wconf 82' lang='lat' dir='ltr'>collegam</span> <span class='ocrx_word' id='word_1_18' title='bbox 369 667 423 727; x_wconf 88' lang='lat' dir='ltr'>sibi</span> <span class='ocrx_word' id='word_1_19' title='bbox 434 667 521 738; x_wconf 87' lang='lat' dir='ltr'>fecit,</span> <span class='ocrx_word' id='word_1_20' title='bbox 539 667 673 726; x_wconf 74' lang='lat' dir='ltr'>Lucretiae</span> <span class='ocrx_word' id='word_1_21' title='bbox 691 687 799 748; x_wconf 88' lang='lat' dir='ltr'>patrem</span> <span class='ocrx_word' id='word_1_22' title='bbox 814 691 819 724; x_wconf 92' lang='lat'><strong>:</strong></span> <span class='ocrx_word' id='word_1_23' title='bbox 834 689 893 749; x_wconf 91' lang='lat' dir='ltr'>quo</span> 
     </span>
     <span class='ocr_line' id='line_1_6' title="bbox 218 747 899 820; baseline 0 -12"><span class='ocrx_word' id='word_1_24' title='bbox 218 749 321 808; x_wconf 90' lang='lat' dir='ltr'>morbo</span> <span class='ocrx_word' id='word_1_25' title='bbox 341 768 454 810; x_wconf 89' lang='lat' dir='ltr'>mortuo</span> <span class='ocrx_word' id='word_1_26' title='bbox 467 797 479 820; x_wconf 90' lang='lat'>,</span> <span class='ocrx_word' id='word_1_27' title='bbox 502 751 602 808; x_wconf 88' lang='lat' dir='ltr'>iterum</span> <span class='ocrx_word' id='word_1_28' title='bbox 618 747 771 808; x_wconf 79' lang='lat' dir='ltr'>Horatium</span> <span class='ocrx_word' id='word_1_29' title='bbox 789 749 899 809; x_wconf 88' lang='lat' dir='ltr'>Pulvil-</span> 
     </span>
     <span class='ocr_line' id='line_1_7' title="bbox 217 828 901 913; baseline 0 -23"><span class='ocrx_word' id='word_1_30' title='bbox 217 831 279 890; x_wconf 89' lang='lat' dir='ltr'>lum</span> <span class='ocrx_word' id='word_1_31' title='bbox 294 830 434 913; x_wconf 73' lang='lat' dir='ltr'>collegam</span> <span class='ocrx_word' id='word_1_32' title='bbox 453 831 507 890; x_wconf 89' lang='lat' dir='ltr'>sibi</span> <span class='ocrx_word' id='word_1_33' title='bbox 526 828 651 910; x_wconf 81' lang='lat' dir='ltr'>sumpsit.</span> <span class='ocrx_word' id='word_1_34' title='bbox 669 829 713 890; x_wconf 89' lang='lat' dir='ltr'>Ita</span> <span class='ocrx_word' id='word_1_35' title='bbox 729 833 833 911; x_wconf 88' lang='lat' dir='ltr'>primus</span> <span class='ocrx_word' id='word_1_36' title='bbox 850 853 901 890; x_wconf 85' lang='lat' dir='ltr'>an-</span> 
     </span>
     <span class='ocr_line' id='line_1_8' title="bbox 218 909 901 992; baseline 0 -20"><span class='ocrx_word' id='word_1_37' title='bbox 218 933 271 972; x_wconf 82' lang='lat' dir='ltr'>nus</span> <span class='ocrx_word' id='word_1_38' title='bbox 290 914 414 992; x_wconf 87' lang='lat' dir='ltr'>quinque</span> <span class='ocrx_word' id='word_1_39' title='bbox 436 909 577 972; x_wconf 84' lang='lat' dir='ltr'>Consules</span> <span class='ocrx_word' id='word_1_40' title='bbox 598 909 698 971; x_wconf 88' lang='lat' dir='ltr'>babuit</span> <span class='ocrx_word' id='word_1_41' title='bbox 716 936 723 970; x_wconf 73' lang='grc' dir='ltr'><strong><em>ε</em></strong></span> <span class='ocrx_word' id='word_1_42' title='bbox 744 911 808 972; x_wconf 79' lang='lat' dir='ltr'>crim</span> <span class='ocrx_word' id='word_1_43' title='bbox 827 911 901 972; x_wconf 87' lang='lat' dir='ltr'>Tar·</span> 
     </span>
     <span class='ocr_line' id='line_1_9' title="bbox 219 989 902 1074; baseline 0 -22"><span class='ocrx_word' id='word_1_44' title='bbox 219 994 333 1074; x_wconf 90' lang='lat' dir='ltr'>quinius</span> <span class='ocrx_word' id='word_1_45' title='bbox 359 993 520 1054; x_wconf 84' lang='lat' dir='ltr'>Collatinus</span> <span class='ocrx_word' id='word_1_46' title='bbox 541 993 621 1055; x_wconf 83' lang='lat' dir='ltr'><strong>Urbe</strong></span> <span class='ocrx_word' id='word_1_47' title='bbox 647 989 766 1054; x_wconf 84' lang='lat' dir='ltr'>cessisset</span> <span class='ocrx_word' id='word_1_48' title='bbox 789 1009 902 1074; x_wconf 86' lang='lat' dir='ltr'>propter</span> 
     </span>
     <span class='ocr_line' id='line_1_10' title="bbox 219 1071 902 1156; baseline -0.004 -20"><span class='ocrx_word' id='word_1_49' title='bbox 219 1092 347 1146; x_wconf 87' lang='lat' dir='ltr'>nomen,</span> <span class='ocrx_word' id='word_1_50' title='bbox 364 1073 462 1134; x_wconf 86' lang='lat' dir='ltr'>Brutus</span> <span class='ocrx_word' id='word_1_51' title='bbox 480 1075 574 1154; x_wconf 73' lang='lat' dir='ltr'>prelio</span> <span class='ocrx_word' id='word_1_52' title='bbox 610 1071 719 1146; x_wconf 87' lang='lat' dir='ltr'>erlffet,</span> <span class='ocrx_word' id='word_1_53' title='bbox 736 1075 784 1156; x_wconf 90' lang='lat' dir='ltr'>Sp.</span> <span class='ocrx_word' id='word_1_54' title='bbox 799 1076 902 1134; x_wconf 88' lang='lat' dir='ltr'>Lucre·</span> 
     </span>
     <span class='ocr_line' id='line_1_11' title="bbox 220 1155 626 1217; baseline -0.005 0"><span class='ocrx_word' id='word_1_55' title='bbox 220 1159 275 1217; x_wconf 85' lang='lat' dir='ltr'>tius</span> <span class='ocrx_word' id='word_1_56' title='bbox 292 1155 394 1214; x_wconf 90' lang='lat' dir='ltr'>morbo</span> <span class='ocrx_word' id='word_1_57' title='bbox 412 1175 537 1215; x_wconf 86' lang='lat' dir='ltr'>mortuus</span> <span class='ocrx_word' id='word_1_58' title='bbox 553 1176 568 1214; x_wconf 84' lang='lat' dir='ltr'>e</span> <span class='ocrx_word' id='word_1_59' title='bbox 591 1175 626 1215; x_wconf 90' lang='lat' dir='ltr'>et.</span> 
     </span>
    </p>

    <p class='ocr_par' dir='ltr' id='par_1_3' title="bbox 219 1235 942 2843">
     <span class='ocr_line' id='line_1_12' title="bbox 260 1235 904 1318; baseline -0.002 -20"><span class='ocrx_word' id='word_1_60' title='bbox 260 1237 317 1298; x_wconf 91' lang='lat' dir='ltr'>XI.</span> <span class='ocrx_word' id='word_1_61' title='bbox 336 1236 467 1298; x_wconf 87' lang='lat' dir='ltr'>Secundo</span> <span class='ocrx_word' id='word_1_62' title='bbox 485 1255 598 1318; x_wconf 88' lang='lat' dir='ltr'>quoque</span> <span class='ocrx_word' id='word_1_63' title='bbox 616 1259 691 1297; x_wconf 85' lang='lat' dir='ltr'>anno</span> <span class='ocrx_word' id='word_1_64' title='bbox 710 1235 810 1297; x_wconf 74' lang='lat' dir='ltr'>iterum</span> <span class='ocrx_word' id='word_1_65' title='bbox 827 1237 904 1297; x_wconf 62' lang='lat' dir='ltr'>Tam</span> 
     </span>
     <span class='ocr_line' id='line_1_13' title="bbox 241 1319 903 1402; baseline 0 -23"><span class='ocrx_word' id='word_1_66' title='bbox 241 1321 355 1390; x_wconf 88' lang='lat' dir='ltr'>ninius,</span> <span class='ocrx_word' id='word_1_67' title='bbox 369 1337 401 1378; x_wconf 92' lang='lat' dir='ltr'>ut</span> <span class='ocrx_word' id='word_1_68' title='bbox 413 1319 576 1398; x_wconf 81' lang='lat' dir='ltr'>reciperetur</span> <span class='ocrx_word' id='word_1_69' title='bbox 589 1319 619 1377; x_wconf 89' lang='lat' dir='ltr'>in</span> <span class='ocrx_word' id='word_1_70' title='bbox 634 1339 754 1402; x_wconf 84' lang='lat' dir='ltr'>regnum</span> <span class='ocrx_word' id='word_1_71' title='bbox 767 1357 776 1390; x_wconf 83' lang='lat'>,</span> <span class='ocrx_word' id='word_1_72' title='bbox 793 1319 903 1380; x_wconf 80' lang='lat' dir='ltr'>bellum</span> 
     </span>
     <span class='ocr_line' id='line_1_14' title="bbox 220 1342 905 1470; baseline -0.001 -9"><span class='ocrx_word' id='word_1_73' title='bbox 220 1342 360 1461; x_wconf 69' lang='lat' dir='ltr'>slomanis</span> <span class='ocrx_word' id='word_1_74' title='bbox 378 1400 492 1470; x_wconf 89' lang='lat' dir='ltr'>intulit,</span> <span class='ocrx_word' id='word_1_75' title='bbox 512 1401 647 1458; x_wconf 87' lang='lat' dir='ltr'>auxilium</span> <span class='ocrx_word' id='word_1_76' title='bbox 667 1402 694 1458; x_wconf 91' lang='lat' dir='ltr'>ei</span> <span class='ocrx_word' id='word_1_77' title='bbox 713 1399 818 1460; x_wconf 86' lang='lat' dir='ltr'>ferente</span> <span class='ocrx_word' id='word_1_78' title='bbox 835 1400 905 1460; x_wconf 89' lang='lat' dir='ltr'>Por-</span> 
     </span>
     <span class='ocr_line' id='line_1_15' title="bbox 221 1479 902 1563; baseline 0 -22"><span class='ocrx_word' id='word_1_79' title='bbox 221 1480 288 1542; x_wconf 68' lang='lat' dir='ltr'>senb</span> <span class='ocrx_word' id='word_1_80' title='bbox 301 1479 412 1540; x_wconf 74' lang='lat' dir='ltr'>Tuscia</span> <span class='ocrx_word' id='word_1_81' title='bbox 430 1500 495 1563; x_wconf 83' lang='lat' dir='ltr'>rege</span> <span class='ocrx_word' id='word_1_82' title='bbox 517 1503 523 1538; x_wconf 92' lang='lat'>:</span> <span class='ocrx_word' id='word_1_83' title='bbox 541 1481 709 1540; x_wconf 86' lang='lat' dir='ltr'>&amp;Romam</span> <span class='ocrx_word' id='word_1_84' title='bbox 729 1482 799 1560; x_wconf 69' lang='lat' dir='ltr'>pene</span> <span class='ocrx_word' id='word_1_85' title='bbox 818 1483 902 1561; x_wconf 89' lang='lat' dir='ltr'>cepit.</span> 
     </span>
     <span class='ocr_line' id='line_1_16' title="bbox 222 1559 904 1644; baseline -0.001 -21"><span class='ocrx_word' id='word_1_86' title='bbox 222 1561 331 1623; x_wconf 73' lang='lat' dir='ltr'>Verum</span> <span class='ocrx_word' id='word_1_87' title='bbox 348 1559 408 1620; x_wconf 80' lang='lat' dir='ltr'>nim</span> <span class='ocrx_word' id='word_1_88' title='bbox 420 1582 533 1644; x_wconf 89' lang='lat' dir='ltr'>quoque</span> <span class='ocrx_word' id='word_1_89' title='bbox 546 1564 636 1622; x_wconf 71' lang='lat' dir='ltr'>ricius</span> <span class='ocrx_word' id='word_1_90' title='bbox 649 1561 698 1624; x_wconf 76' lang='lat' dir='ltr'>est.</span> <span class='ocrx_word' id='word_1_91' title='bbox 712 1563 812 1622; x_wconf 88' lang='lat' dir='ltr'>Tertio</span> <span class='ocrx_word' id='word_1_92' title='bbox 825 1580 904 1622; x_wconf 84' lang='lat' dir='ltr'>anno</span> 
     </span>
     <span class='ocr_line' id='line_1_17' title="bbox 219 1641 903 1727; baseline 0 -25"><span class='ocrx_word' id='word_1_93' title='bbox 219 1641 283 1726; x_wconf 93' lang='lat' dir='ltr'>post</span> <span class='ocrx_word' id='word_1_94' title='bbox 299 1663 380 1727; x_wconf 83' lang='lat' dir='ltr'>reges</span> <span class='ocrx_word' id='word_1_95' title='bbox 397 1647 529 1715; x_wconf 74' lang='lat' dir='ltr'>eracles,</span> <span class='ocrx_word' id='word_1_96' title='bbox 551 1641 742 1725; x_wconf 87' lang='lat' dir='ltr'>Tarquinius,</span> <span class='ocrx_word' id='word_1_97' title='bbox 763 1641 827 1702; x_wconf 81' lang='lat' dir='ltr'>crim</span> <span class='ocrx_word' id='word_1_98' title='bbox 842 1641 903 1702; x_wconf 92' lang='lat' dir='ltr'>sus-</span> 
     </span>
     <span class='ocr_line' id='line_1_18' title="bbox 223 1721 906 1808; baseline 0 -24"><span class='ocrx_word' id='word_1_99' title='bbox 223 1727 280 1806; x_wconf 88' lang='lat' dir='ltr'>cipi</span> <span class='ocrx_word' id='word_1_100' title='bbox 298 1747 358 1784; x_wconf 90' lang='lat' dir='ltr'>non</span> <span class='ocrx_word' id='word_1_101' title='bbox 377 1721 464 1804; x_wconf 86' lang='lat' dir='ltr'>posset</span> <span class='ocrx_word' id='word_1_102' title='bbox 481 1727 512 1784; x_wconf 86' lang='lat' dir='ltr'>in</span> <span class='ocrx_word' id='word_1_103' title='bbox 526 1741 669 1808; x_wconf 81' lang='lat' dir='ltr'>regnum,</span> <span class='ocrx_word' id='word_1_104' title='bbox 691 1745 782 1806; x_wconf 86' lang='lat' dir='ltr'>neque</span> <span class='ocrx_word' id='word_1_105' title='bbox 798 1727 824 1783; x_wconf 91' lang='lat' dir='ltr'>ei</span> <span class='ocrx_word' id='word_1_106' title='bbox 837 1725 906 1784; x_wconf 87' lang='lat' dir='ltr'>Por-</span> 
     </span>
     <span class='ocr_line' id='line_1_19' title="bbox 221 1803 906 1886; baseline 0 -20"><span class='ocrx_word' id='word_1_107' title='bbox 221 1803 312 1875; x_wconf 84' lang='lat' dir='ltr'>sena,</span> <span class='ocrx_word' id='word_1_108' title='bbox 336 1807 387 1886; x_wconf 91' lang='lat' dir='ltr'>qui</span> <span class='ocrx_word' id='word_1_109' title='bbox 407 1825 506 1885; x_wconf 86' lang='lat' dir='ltr'>pacem</span> <span class='ocrx_word' id='word_1_110' title='bbox 529 1827 593 1864; x_wconf 89' lang='lat' dir='ltr'>cum</span> <span class='ocrx_word' id='word_1_111' title='bbox 615 1807 752 1866; x_wconf 87' lang='lat' dir='ltr'>Romanis</span> <span class='ocrx_word' id='word_1_112' title='bbox 777 1807 906 1878; x_wconf 86' lang='lat' dir='ltr'>fecerat,</span> 
     </span>
     <span class='ocr_line' id='line_1_20' title="bbox 222 1883 904 1966; baseline 0 -20"><span class='ocrx_word' id='word_1_113' title='bbox 222 1888 361 1946; x_wconf 78' lang='lat' dir='ltr'>auxilinm</span> <span class='ocrx_word' id='word_1_114' title='bbox 377 1883 513 1966; x_wconf 85' lang='lat' dir='ltr'>praestaret</span> <span class='ocrx_word' id='word_1_115' title='bbox 524 1932 533 1957; x_wconf 95' lang='lat'>,</span> <span class='ocrx_word' id='word_1_116' title='bbox 546 1885 702 1946; x_wconf 86' lang='lat' dir='ltr'>Tusculum</span> <span class='ocrx_word' id='word_1_117' title='bbox 716 1886 744 1946; x_wconf 89' lang='lat' dir='ltr'>se</span> <span class='ocrx_word' id='word_1_118' title='bbox 763 1888 883 1948; x_wconf 88' lang='lat' dir='ltr'>contulit</span> <span class='ocrx_word' id='word_1_119' title='bbox 892 1934 904 1958; x_wconf 90' lang='lat'>,</span> 
     </span>
     <span class='ocr_line' id='line_1_21' title="bbox 223 1966 907 2050; baseline 0.001 -24"><span class='ocrx_word' id='word_1_120' title='bbox 223 1989 286 2048; x_wconf 84' lang='lat' dir='ltr'>quae</span> <span class='ocrx_word' id='word_1_121' title='bbox 302 1970 400 2028; x_wconf 85' lang='lat' dir='ltr'>civitas</span> <span class='ocrx_word' id='word_1_122' title='bbox 415 1985 473 2027; x_wconf 90' lang='lat' dir='ltr'>non</span> <span class='ocrx_word' id='word_1_123' title='bbox 490 1968 577 2050; x_wconf 73' lang='lat' dir='ltr'>longe</span> <span class='ocrx_word' id='word_1_124' title='bbox 594 1969 631 2028; x_wconf 87' lang='lat' dir='ltr'>ab</span> <span class='ocrx_word' id='word_1_125' title='bbox 644 1969 723 2030; x_wconf 84' lang='lat' dir='ltr'>Urbe</span> <span class='ocrx_word' id='word_1_126' title='bbox 740 1966 779 2026; x_wconf 90' lang='lat' dir='ltr'>est</span> <span class='ocrx_word' id='word_1_127' title='bbox 796 1993 803 2026; x_wconf 77' lang='grc' dir='ltr'><strong><em>ε</em></strong></span> <span class='ocrx_word' id='word_1_128' title='bbox 821 1979 907 2050; x_wconf 86' lang='lat' dir='ltr'>atque</span> 
     </span>
     <span class='ocr_line' id='line_1_22' title="bbox 224 2048 906 2130; baseline 0.004 -23"><span class='ocrx_word' id='word_1_129' title='bbox 224 2049 268 2108; x_wconf 90' lang='lat' dir='ltr'>ibi</span> <span class='ocrx_word' id='word_1_130' title='bbox 287 2067 335 2129; x_wconf 90' lang='lat' dir='ltr'>per</span> <span class='ocrx_word' id='word_1_131' title='bbox 356 2048 568 2130; x_wconf 87' lang='lat' dir='ltr'>quatuordecim</span> <span class='ocrx_word' id='word_1_132' title='bbox 589 2071 678 2112; x_wconf 82' lang='lat' dir='ltr'>annos</span> <span class='ocrx_word' id='word_1_133' title='bbox 697 2052 820 2130; x_wconf 80' lang='lat' dir='ltr'>privatus</span> <span class='ocrx_word' id='word_1_134' title='bbox 841 2069 906 2110; x_wconf 90' lang='lat' dir='ltr'>cum</span> 
     </span>
     <span class='ocr_line' id='line_1_23' title="bbox 226 2129 906 2214; baseline 0.001 -24"><span class='ocrx_word' id='word_1_135' title='bbox 226 2151 312 2190; x_wconf 82' lang='lat' dir='ltr'>uxore</span> <span class='ocrx_word' id='word_1_136' title='bbox 334 2129 487 2192; x_wconf 87' lang='lat' dir='ltr'>consenuit.</span> <span class='ocrx_word' id='word_1_137' title='bbox 513 2131 623 2209; x_wconf 86' lang='lat' dir='ltr'>Quarto</span> <span class='ocrx_word' id='word_1_138' title='bbox 645 2153 721 2191; x_wconf 81' lang='lat' dir='ltr'>antro</span> <span class='ocrx_word' id='word_1_139' title='bbox 744 2131 806 2212; x_wconf 88' lang='lat' dir='ltr'>post</span> <span class='ocrx_word' id='word_1_140' title='bbox 827 2151 906 2214; x_wconf 73' lang='lat' dir='ltr'>reges</span> 
     </span>
     <span class='ocr_line' id='line_1_24' title="bbox 227 2211 908 2283; baseline 0.007 -13"><span class='ocrx_word' id='word_1_141' title='bbox 227 2215 361 2283; x_wconf 74' lang='lat' dir='ltr'>exactos,</span> <span class='ocrx_word' id='word_1_142' title='bbox 379 2211 443 2272; x_wconf 84' lang='lat' dir='ltr'>crim</span> <span class='ocrx_word' id='word_1_143' title='bbox 461 2213 561 2274; x_wconf 87' lang='lat' dir='ltr'>Sabini</span> <span class='ocrx_word' id='word_1_144' title='bbox 578 2214 716 2274; x_wconf 84' lang='lat' dir='ltr'>Romanis</span> <span class='ocrx_word' id='word_1_145' title='bbox 733 2213 839 2274; x_wconf 84' lang='lat' dir='ltr'>bellum</span> <span class='ocrx_word' id='word_1_146' title='bbox 855 2216 908 2275; x_wconf 86' lang='lat' dir='ltr'>iu·</span> 
     </span>
     <span class='ocr_line' id='line_1_25' title="bbox 226 2289 942 2375; baseline 0.003 -23"><span class='ocrx_word' id='word_1_147' title='bbox 226 2289 367 2364; x_wconf 83' lang='lat' dir='ltr'>tulissent,</span> <span class='ocrx_word' id='word_1_148' title='bbox 382 2297 451 2354; x_wconf 71' lang='lat' dir='ltr'>vicli</span> <span class='ocrx_word' id='word_1_149' title='bbox 464 2291 545 2366; x_wconf 90' lang='lat' dir='ltr'>sunt,</span> <span class='ocrx_word' id='word_1_150' title='bbox 560 2305 587 2354; x_wconf 88' lang='lat'>&amp;</span> <span class='ocrx_word' id='word_1_151' title='bbox 598 2295 632 2354; x_wconf 89' lang='lat' dir='ltr'>de</span> <span class='ocrx_word' id='word_1_152' title='bbox 647 2294 689 2356; x_wconf 81' lang='lat' dir='ltr'>bis</span> <span class='ocrx_word' id='word_1_153' title='bbox 703 2293 909 2375; x_wconf 87' lang='lat' dir='ltr'>triumphatum</span> <span class='ocrx_word' id='word_1_154' title='bbox 940 2365 942 2368; x_wconf 22' lang='grc' dir='ltr'>Ι</span> 
     </span>
     <span class='ocr_line' id='line_1_26' title="bbox 228 2371 911 2452; baseline 0 -18"><span class='ocrx_word' id='word_1_155' title='bbox 228 2371 277 2436; x_wconf 64' lang='lat' dir='ltr'>est·</span> <span class='ocrx_word' id='word_1_156' title='bbox 294 2375 405 2452; x_wconf 89' lang='lat' dir='ltr'>Quinto</span> <span class='ocrx_word' id='word_1_157' title='bbox 425 2397 521 2446; x_wconf 87' lang='lat' dir='ltr'>anno,</span> <span class='ocrx_word' id='word_1_158' title='bbox 542 2375 672 2437; x_wconf 87' lang='lat' dir='ltr'>Valerius</span> <span class='ocrx_word' id='word_1_159' title='bbox 692 2377 739 2436; x_wconf 89' lang='lat' dir='ltr'>ille</span> <span class='ocrx_word' id='word_1_160' title='bbox 754 2377 831 2436; x_wconf 89' lang='lat' dir='ltr'>Bruti</span> <span class='ocrx_word' id='word_1_161' title='bbox 851 2377 911 2435; x_wconf 89' lang='lat' dir='ltr'>col·</span> 
     </span>
     <span class='ocr_line' id='line_1_27' title="bbox 228 2455 912 2540; baseline 0 -24"><span class='ocrx_word' id='word_1_162' title='bbox 228 2457 315 2540; x_wconf 82' lang='lat' dir='ltr'>lega,</span> <span class='ocrx_word' id='word_1_163' title='bbox 338 2465 366 2517; x_wconf 79' lang='grc' dir='ltr'>δι</span> <span class='ocrx_word' id='word_1_164' title='bbox 385 2455 515 2538; x_wconf 72' lang='lat' dir='ltr'>quartum</span> <span class='ocrx_word' id='word_1_165' title='bbox 534 2456 666 2529; x_wconf 89' lang='lat' dir='ltr'>Consul,</span> <span class='ocrx_word' id='word_1_166' title='bbox 688 2457 810 2518; x_wconf 84' lang='lat' dir='ltr'>fataliter</span> <span class='ocrx_word' id='word_1_167' title='bbox 832 2477 912 2516; x_wconf 89' lang='lat' dir='ltr'>mor-</span> 
     </span>
     <span class='ocr_line' id='line_1_28' title="bbox 230 2535 913 2618; baseline 0 -21"><span class='ocrx_word' id='word_1_168' title='bbox 230 2557 292 2598; x_wconf 90' lang='lat' dir='ltr'>tuus</span> <span class='ocrx_word' id='word_1_169' title='bbox 311 2535 372 2610; x_wconf 82' lang='lat' dir='ltr'>est3</span> <span class='ocrx_word' id='word_1_170' title='bbox 394 2537 465 2598; x_wconf 83' lang='lat' dir='ltr'>adeb</span> <span class='ocrx_word' id='word_1_171' title='bbox 482 2559 605 2618; x_wconf 87' lang='lat' dir='ltr'>pauper,</span> <span class='ocrx_word' id='word_1_172' title='bbox 623 2558 675 2610; x_wconf 90' lang='lat' dir='ltr'>ut,</span> <span class='ocrx_word' id='word_1_173' title='bbox 696 2539 805 2598; x_wconf 83' lang='lat' dir='ltr'>collatis</span> <span class='ocrx_word' id='word_1_174' title='bbox 823 2535 839 2596; x_wconf 67' lang='lat' dir='ltr'>*a</span> <span class='ocrx_word' id='word_1_175' title='bbox 859 2559 913 2617; x_wconf 82' lang='lat' dir='ltr'>po-</span> 
     </span>
     <span class='ocr_line' id='line_1_29' title="bbox 229 2617 911 2700; baseline 0 -22"><span class='ocrx_word' id='word_1_176' title='bbox 229 2620 298 2700; x_wconf 89' lang='lat' dir='ltr'>pulo</span> <span class='ocrx_word' id='word_1_177' title='bbox 314 2621 462 2690; x_wconf 88' lang='lat' dir='ltr'>nummis,</span> <span class='ocrx_word' id='word_1_178' title='bbox 482 2617 623 2700; x_wconf 86' lang='lat' dir='ltr'>sumptum</span> <span class='ocrx_word' id='word_1_179' title='bbox 641 2618 769 2679; x_wconf 89' lang='lat' dir='ltr'>babuerit</span> <span class='ocrx_word' id='word_1_180' title='bbox 783 2617 911 2699; x_wconf 89' lang='lat' dir='ltr'>sepultu-</span> 
     </span>
     <span class='ocr_line' id='line_1_30' title="bbox 230 2701 913 2781; baseline -0.001 -21"><span class='ocrx_word' id='word_1_181' title='bbox 230 2721 283 2771; x_wconf 82' lang='lat' dir='ltr'>rae,</span> <span class='ocrx_word' id='word_1_182' title='bbox 298 2721 383 2781; x_wconf 88' lang='lat' dir='ltr'>quem</span> <span class='ocrx_word' id='word_1_183' title='bbox 397 2719 547 2772; x_wconf 78' lang='lat' dir='ltr'>matronae,</span> <span class='ocrx_word' id='word_1_184' title='bbox 562 2703 644 2761; x_wconf 86' lang='lat' dir='ltr'>sicuti</span> <span class='ocrx_word' id='word_1_185' title='bbox 656 2701 790 2772; x_wconf 83' lang='lat' dir='ltr'>Brutum,</span> <span class='ocrx_word' id='word_1_186' title='bbox 804 2719 913 2760; x_wconf 87' lang='lat' dir='ltr'>annum</span> 
     </span>
     <span class='ocr_line' id='line_1_31' title="bbox 227 2782 368 2843; baseline -0.021 0"><span class='ocrx_word' id='word_1_187' title='bbox 227 2782 368 2843; x_wconf 83' lang='lat' dir='ltr'>luxerunt.</span> 
     </span>
    </p>
   </div>
   <div class='ocr_carea' id='block_1_3' title="bbox 177 2862 913 2961">
    <p class='ocr_par' dir='ltr' id='par_1_4' title="bbox 177 2862 913 2961">
     <span class='ocr_line' id='line_1_32' title="bbox 177 2862 913 2961; baseline 0 -37"><span class='ocrx_word' id='word_1_188' title='bbox 177 2951 180 2961; x_wconf 33' lang='grc' dir='ltr'>Ι</span> <span class='ocrx_word' id='word_1_189' title='bbox 273 2862 350 2924; x_wconf 88' lang='lat' dir='ltr'><strong>XII.</strong></span> <span class='ocrx_word' id='word_1_190' title='bbox 371 2862 461 2926; x_wconf 89' lang='lat' dir='ltr'>Nono</span> <span class='ocrx_word' id='word_1_191' title='bbox 489 2885 565 2927; x_wconf 85' lang='lat' dir='ltr'>anno</span> <span class='ocrx_word' id='word_1_192' title='bbox 584 2862 647 2946; x_wconf 91' lang='lat' dir='ltr'>post</span> <span class='ocrx_word' id='word_1_193' title='bbox 671 2885 749 2950; x_wconf 86' lang='lat' dir='ltr'>reges</span> <span class='ocrx_word' id='word_1_194' title='bbox 774 2866 913 2939; x_wconf 73' lang='lat' dir='ltr'>exactos,</span> 
     </span>
    </p>
   </div>
   <div class='ocr_carea' id='block_1_4' title="bbox 0 0 1056 3662">
    <p class='ocr_par' dir='ltr' id='par_1_5' title="bbox 0 0 1056 3662">
     <span class='ocr_line' id='line_1_33' title="bbox 0 0 1056 3662; baseline 0 0"><span class='ocrx_word' id='word_1_195' title='bbox 0 0 1056 3662; x_wconf 95' lang='lat' dir='ltr'> </span> 
     </span>
    </p>
   </div>
  </div>
 </body>
</html>
