2134 3668
196 277 260 322 ιιι
385 254 703 324 Euaaoarr

191 373 271 434 dines
297 375 380 457 egit:
402 395 487 464 quate
511 375 548 436 ad
574 375 814 446 Diocletianum,
840 378 872 438 in

192 453 405 534 Mesopotamii
426 478 489 516 cum
512 456 644 536 presidiis
663 476 724 516 tum
748 477 869 515 moran-

193 554 271 606 tem,
292 559 380 596 ovans
398 534 546 619 regressus,
568 539 676 622 ingenti
690 535 797 596 honore
810 535 873 598 sus-

194 635 288 696 ceptus
308 614 355 676 est.
375 619 464 678 Varia
484 618 656 698 deinceps&
677 619 762 678 simul
780 627 808 678 δι
826 620 873 678 vi-

192 699 270 756 ritim
291 697 365 758 bella
385 695 542 782 gesserunt,
565 699 714 780 Carpis&
735 697 873 760 Bastetnis

193 776 335 849 subauis,
355 781 488 840 Sarmatis
508 781 589 840 vidis
609 803 616 838 :
639 801 758 860 quarum
776 783 873 840 natio-
954 769 973 853 J

193 881 263 920 num
284 863 412 940 ingentes
436 863 609 941 captivorum
631 862 725 942 copias
750 863 781 920 in
801 861 871 942 Ro·

194 943 287 1002 manis
305 939 407 1005 finibus
426 944 595 1004 locaverunt.

235 1023 367 1084 XXVI.
397 1023 591 1084 Diocletianus
616 1041 741 1082 moratus
770 1022 872 1084 callide

195 1101 270 1176 fuit,
286 1103 371 1188 sagax
392 1125 539 1185 praeterea,
559 1114 587 1166 δι
605 1104 761 1165 admodrim
781 1102 873 1164 subti-

194 1185 229 1246 lis
242 1189 378 1268 ingenio,
395 1195 422 1246 &
435 1189 484 1267 qui
498 1185 673 1247 severitatem
687 1183 766 1245 suam
780 1183 874 1246 alieni

195 1266 303 1327 invidiis
318 1268 401 1328 vellet
420 1269 527 1348 explete
552 1290 558 1324 t
580 1267 810 1352 diligentissimus
831 1286 875 1327 ta-

195 1365 264 1410 men
285 1357 313 1410 &
332 1348 525 1410 solertissimus
549 1349 700 1429 Princeps,
717 1357 746 1410 δι
767 1349 818 1428 qui
842 1350 873 1408 in

175 1487 183 1514 x
196 1431 316 1510 Imperio
329 1429 463 1490 Romano
481 1429 586 1512 primus
599 1433 681 1513 regite
696 1425 873 1488 consuetudi-

164 1506 169 1515 *
196 1513 240 1572 nis
252 1510 375 1572 sormam
386 1515 478 1607 magis
489 1510 575 1594 quim
588 1511 726 1572 Romanas
738 1511 874 1571 libertatis

197 1593 321 1666 invexit3
334 1593 499 1676 adorarique
510 1592 538 1654 se
547 1594 643 1673 jussit,
656 1591 720 1652 crim
732 1611 796 1652 ante
808 1611 874 1652 eum

197 1678 292 1738 euasti
319 1673 500 1736 salutarentur
523 1693 715 1734 :ornamenta
758 1693 874 1733 emma-

197 1776 260 1816 rum
273 1755 393 1818 vestibus
406 1753 606 1816 calceamentis
623 1777 657 1814 ue
669 1694 780 1815 indidit.
795 1755 875 1814 Nam

198 1837 272 1918 priris
293 1839 404 1938 imperii
419 1839 530 1920 insigne
550 1837 580 1896 i'n
596 1777 745 1916 dlrlamyde
766 1855 874 1918 purpu-

198 1918 245 1978 rea
267 1938 375 1979 tantum
397 1937 455 1978 erat
473 1942 481 1976 τ
502 1919 609 2000 reliqua
632 1918 804 1978 communia.

233 2001 386 2062 XXVII.
410 1999 560 2060 Hercullus
585 2015 704 2069 antem,
730 1997 877 2079 propalam

201 2081 290 2153 ferus,
302 2093 329 2144 &
339 2082 460 2144 incivilis
470 2083 596 2166 ingenii,
607 2078 783 2220 asperitatem
795 2077 876 2140 suam

201 2166 287 2227 etiam
307 2163 399 2227 vultris
421 2161 534 2224 horrore
554 2163 628 2244 signi
651 2181 725 2220 cans.
747 2161 805 2220 Hic
828 2183 879 2220 na·
926 2238 930 2244 ⁵

201 2263 268 2306 tura
287 2245 438 2307 suaeindul
459 2267 527 2317 ens,
552 2243 734 2304 Diocletiano
753 2243 783 2302 in
806 2243 876 2301 oin-
936 2294 939 2300 .

201 2327 307 2399 nibus,
328 2330 414 2388 etiam
436 2268 617 2386 severioribus
641 2323 764 2393 consiliis
789 2319 877 2381 obse-

203 2427 281 2469 cutus
301 2407 349 2469 est.
374 2408 452 2470 Cdm
472 2427 568 2467 tamen
586 2402 794 2488 ingrauescente
817 2425 878 2463 avo

201 2510 300 2570 patum
312 2488 341 2550 se
352 2489 487 2550 idoneum
499 2488 694 2551 Diocletianus
703 2484 880 2544 moderando

201 2572 322 2652 imperio
334 2567 386 2632 ess'e
399 2571 531 2640 sentiret,
550 2571 646 2630 audior
657 2565 792 2628 Herculio
804 2564 858 2624 fuit
870 2611 880 2637 ,

202 2671 242 2711 ut.
252 2654 282 2712 in
300 2655 438 2732 privatam
457 2653 547 2712 vitam
565 2648 765 2718 concederent,
782 2656 809 2706 δι
824 2643 882 2704 sta-

204 2735 312 2794 tionem
329 2733 438 2796 tuendis
455 2732 626 2814 Reipublicae
645 2727 825 2790 viridioribus
840 2731 883 2806 ju-

205 2814 386 2899 nioribusque
404 2815 570 2880 mandarent
581 2835 592 2892 5
605 2814 659 2875 cui
677 2809 751 2896 aegre
771 2807 884 2894 collega
