2110 3666
238 317 301 402 318
361 311 793 384 Anthctonts

235 433 300 494 dem
320 433 527 514 ingeminatis,
552 431 587 492 ad
608 434 686 491 vocis
708 429 745 490 us
761 452 795 490 ue
816 429 918 492 defec-

235 534 322 582 tum,
345 514 508 593 plausibus,
532 513 750 574 acclamatume
789 558 800 581 ‚
824 514 919 572 Petti-

235 617 304 656 uace
324 596 479 674 imperante
496 591 585 654 secuti
603 596 749 664 viximus,
773 596 920 656 neminem

237 677 408 746 timuimus,
426 675 498 758 patri
514 677 583 753 pio,
602 677 676 756 patri
688 673 828 745 Senatus,
848 678 922 756 patri

235 759 367 820 omniunt
383 757 533 820 bonorum.

277 838 359 902 XIX.
383 837 487 900 Didius
498 837 624 898 Julianus
642 855 705 898 ortu
718 835 921 900 Mediolanen-

238 919 300 990 sis,
322 921 469 1002 imperavit
485 919 626 980 mensibus
647 916 674 978 se
695 937 762 978 tem.
786 919 842 978 Vir
860 939 920 980 no-

238 1001 326 1069 bilis,
352 1003 418 1079 jutis
438 1000 641 1079 peritissimus,
677 997 821 1070 actiosus,
845 1019 920 1078 ptae-

240 1101 330 1164 ceps,
353 1083 434 1168 regui
454 1080 562 1142 avidus.
588 1079 655 1140 Hoc
676 1099 804 1160 tempore
830 1079 924 1161 Niger

239 1159 407 1226 Pescennius
427 1161 501 1242 apud
518 1157 729 1232 Antiochiam,
751 1161 781 1220 in
801 1161 921 1220 Panno-

240 1245 293 1305 niae
314 1240 432 1304 Sabatia
452 1241 603 1322 Septimius
631 1239 772 1312 Severus,
796 1259 924 1302 creantur

240 1321 370 1406 Augusti.
393 1323 440 1386 Ab
469 1320 524 1384 hoe
549 1323 655 1384 Seveto
675 1322 800 1384 Julianus
819 1327 849 1382 in
869 1323 924 1382 ab·

242 1403 314 1466 ditas
331 1403 429 1486 palatii
441 1403 556 1466 balneas
575 1403 692 1474 duetus,
714 1401 828 1464 extenti
845 1402 926 1464 dam·

241 1504 373 1548 natorum
401 1482 489 1546 modo
516 1487 645 1556 cervice,
668 1484 846 1560 decolletutt
871 1505 923 1544 ca·

243 1586 292 1646 put
315 1586 347 1630 ue
368 1571 426 1646 eJus
445 1568 474 1626 itt
494 1563 587 1628 tosttis
608 1568 743 1646 ponitur„

284 1587 357 1710 liX.
378 1647 530 1727 Septimius
543 1647 658 1708 Severus
672 1647 822 1726 imperavit
835 1667 925 1708 annot

246 1727 344 1788 decem
362 1731 477 1788 διόέὶο.
494 1725 552 1788 Hic
566 1725 751 1788 Pescennium
767 1729 925 1798 interemit,

246 1805 396 1870 hominem
420 1810 551 1870 omnium
570 1807 783 1888 turpitudinum.
810 1808 868 1868 Sub
891 1828 926 1870 eo

245 1891 332 1950 etiam
348 1889 493 1960 Albinus,
515 1893 565 1968 qui
581 1892 611 1950 in
625 1887 722 1950 Gallis
742 1887 770 1947 se
784 1887 928 1950 Caesarem

247 1968 374 2040 fecerat,
398 1991 413 2028 a
434 1969 471 2028 ud
499 1969 670 2051 Lugdunum
697 1970 842 2030 occiditur.
869 1969 929 2030 Hic

247 2049 364 2112 Severus
427 2053 469 2110 ios
493 2048 557 2110 suos
591 2047 756 2110 successores
786 2051 929 2130 reliquit,

247 2131 409 2192 Bassianum
437 2140 464 2194 &
490 2132 604 2192 Getam.
638 2132 695 2190 Hic
727 2133 756 2192 in
785 2131 931 2192 Britannii

249 2213 355 2272 vallum
376 2233 424 2292 pet
439 2215 554 2294 triginta
572 2212 628 2272 duo
648 2207 773 2292 pulsuum
797 2212 887 2276 millia
913 2210 931 2272 ‘a

249 2295 322 2356 mati
341 2291 377 2352 ad
392 2314 467 2353 mate
480 2293 602 2369 deduxit.
623 2293 687 2352 Fuit
703 2294 931 2354 bellicosissimus

250 2375 403 2443 omnium,
422 2375 472 2454 qui
492 2379 557 2433 inte
576 2395 640 2436 etun
657 2373 777 2434 fuerunt.
796 2375 932 2434 Aeetin-

251 2457 337 2536 genio
351 2499 361 2524 ,
380 2453 417 2516 ad
434 2459 609 2536 omniaque
624 2451 781 2516 inteutlillet
796 2455 826 2514 in
844 2451 933 2514 finem

251 2533 666 2614 perseveransssenevolentii,
680 2533 739 2616 qub
751 2533 777 2594 se
791 2532 931 2596 inclinis-

252 2613 313 2686 set‚
337 2615 460 2676 mirabili
474 2638 507 2676 ac
527 2615 666 2697 perpetuis.
687 2617 734 2680 Ad
752 2615 933 2697 quaerendum

253 2696 395 2780 diligens,
421 2696 456 2756 ad
469 2697 645 2779 largiendum
659 2699 790 2760 liberalis.
807 2698 840 2758 In
858 2699 934 2756 ami-

253 2799 301 2839 cos
320 2775 507 2859 inimicosque
520 2781 620 2858 paritet
636 2777 808 2848 vehemens,
829 2781 935 2858 quippe

252 2863 301 2940 qui
330 2859 525 2932 Lateranum,
558 2860 721 2934 Cilonem,
750 2859 934 2931 Anulinum,
