2134 3668
227 272 289 354 148
365 267 485 338 Aua.
514 269 778 338 Vrcrnrrs

221 409 307 469 quam
329 406 449 467 coeperat
459 433 469 460 ‚
490 409 557 448 nam
575 385 639 468 post*
651 410 738 448 annos
755 387 900 460 totidem,

223 487 293 549 quot
311 467 393 528 foetus
413 469 487 527 illius
508 465 562 527 suis
583 464 688 538 effent‚
707 469 851 548 Trojanos
871 475 901 530 in

219 549 283 607 lota
297 547 399 610 fertilia
417 568 500 629 atque
514 549 673 608 uberiorem
687 571 786 630 agrum
809 547 902 610 trans-

221 631 262 689 mi
284 649 410 700 saturos,
431 630 578 690 &urbem
602 631 751 689 clarissimi
775 634 901 691 nominis

219 712 250 770 in
263 650 349 772 lurra
364 709 534 770 conditutos.

260 789 353 851 Xlll.
374 791 465 874 Igitur
485 791 618 850 Latinum
637 789 829 874 Aboriginum
850 813 898 852 re-

219 891 309 954 gem,
329 869 393 934 crim
412 875 439 931 ei
455 875 619 946 nunciatum
638 866 723 940 esset,
745 873 900 933 multitudi-

219 973 286 1012 nem
306 951 499 1025 advenarum,
522 947 601 1011 classe
623 951 790 1024 adveetam,
806 975 896 1012 occu-

218 1030 320 1114 pavisse
334 1055 434 1116 agrum
447 1035 638 1102 Laurentem,
657 1031 804 1094 adversum
823 1032 900 1094 subi-

219 1135 263 1174 tos
280 1111 493 1195 inopinatosque
514 1111 605 1173 hostes
625 1116 816 1174 incunctanter
835 1112 897 1174 suas

219 1199 315 1274 copias
331 1191 469 1264 eduxill'e3
484 1215 517 1253 ac
527 1197 617 1273 prius,
631 1192 716 1274 quam
730 1196 753 1252 si
774 1217 842 1256 num
856 1195 898 1254 di-

218 1275 343 1336 micandi
373 1275 479 1344 daret,
506 1271 728 1334 animadvertisse
754 1215 897 1352 lrojanos

218 1356 378 1416 militariter
395 1353 561 1426 instructos,
585 1352 648 1414 erim
662 1351 703 1412 sui
716 1354 852 1435 lapidibus
864 1378 897 1415 ac

218 1435 332 1496 sudibus
348 1438 469 1506 armati,
481 1455 541 1494 tum
554 1437 640 1498 etiam
655 1433 727 1494 veste
747 1455 794 1494 aut
810 1436 895 1515 pelli-

218 1518 292 1586 bus,
313 1539 373 1600 quae
394 1519 432 1576 eis
449 1519 642 1598 integumento
662 1534 764 1585 erant,
783 1514 897 1580 sinistris

218 1599 349 1658 manibus
371 1597 532 1666 involutis,
558 1592 746 1676 processissent
769 1619 776 1654 ε
800 1599 896 1678 itaque

218 1677 350 1760 suspenso
364 1681 534 1749 certamine,
551 1697 599 1756 per
613 1679 785 1758 colloquium
805 1680 896 1757 inqui·

218 1763 297 1829 sito,
319 1762 368 1896 <pul
387 1757 493 1829 essent,
514 1758 616 1839 quidve
636 1777 781 1838 peterent,
798 1777 894 1837 utpote

218 1843 268 1920 qui
280 1842 309 1898 in
344 1861 378 1897 oc
395 1841 543 1898 consilium
562 1841 724 1900 au&oritate
736 1839 894 1902 Numinum

217 1921 392 2002 cogebatur,
412 1939 533 2000 namque
550 1921 618 1978 extis
637 1941 669 1978 ac
687 1917 804 1978 somniis
825 1917 895 2000 saepe

216 1999 377 2060 admonitus
407 2017 495 2070 erat,
524 2003 656 2058 tutiorem
691 1998 718 2058 se
748 1999 894 2060 adverstlm

215 2077 309 2144 hostes
331 2080 393 2143 fore
410 2126 420 2152 ,
440 2083 464 2140 si
490 2082 583 2158 copias
607 2078 668 2140 suas
693 2101 756 2138 cum
782 2079 895 2140 advenis

215 2159 406 2242 conjunxisset.
425 2158 557 2242 Calmque
575 2157 747 2243 cognovisset
761 2159 894 2222 AEnaeam

214 2251 243 2302 &
260 2239 403 2302 Anchisen
421 2235 497 2304 bello
520 2239 609 2321 patrib
626 2237 743 2320 pulsos,
765 2263 829 2300 cum
850 2245 892 2302 si·

213 2323 343 2382 mulacris
362 2323 490 2382 Deorum
520 2339 641 2379 errantes
666 2318 760 2380 sedem
784 2344 892 2402 quare-

212 2424 263 2473 re,
277 2399 430 2462 amicitiam
447 2399 551 2461 soedere
571 2397 647 2460 inille
658 2447 669 2475 ,
689 2401 755 2460 dato
769 2405 890 2462 invicem

212 2481 392 2562 jurejurando
404 2527 415 2558 ,
433 2491 639 2560 ut'communes
652 2503 765 2562 quoque
779 2479 892 2553 hostes,

211 2559 353 2622 amicosve
370 2560 513 2623 haberent.
534 2563 632 2642 ltaque
651 2582 773 2640 coeptum
792 2562 894 2622 aTro·

212 2647 284 2723 janis
304 2645 408 2701 muniri
423 2643 543 2710 locum,
559 2663 644 2721 quem
657 2641 766 2702 AEneas
783 2665 814 2707 ex
834 2666 891 2702 no-

214 2727 290 2784 mine
311 2726 404 2782 uxoris
424 2721 497 2792 suae,
512 2723 606 2780 Latini
624 2722 710 2802 Regis
731 2721 814 2804 filiae,
831 2745 893 2804 quae

213 2810 271 2885 jam
293 2823 353 2863 ante
369 2800 533 2884 desponsata
547 2801 648 2860 Turno
661 2802 810 2866 Herdonio
825 2803 890 2864 sue-
