2142 3664
225 307 291 390 27⁸
370 296 747 372 AunVrcror

265 421 333 481 XL.
356 419 368 480 l
390 421 444 480 itur
458 415 649 492 Constantio,
668 421 906 500 Armentarioque

226 499 269 562 his
284 441 494 562 succedentibus
513 546 523 572 ,
545 501 661 562 Sevenrs
673 501 906 584 Maximinusque

225 582 403 664 Illyricorum
422 582 561 665 indigenae
580 581 729 653 Caesares,
750 585 827 662 prior
840 583 904 644 Ita-

226 664 295 726 liam
309 710 321 734 ,
345 661 479 744 posterior
492 665 522 724 in
536 684 598 744 quae
611 665 709 724 Jovius
722 664 882 724 obtinuerat
893 709 906 736 ,

226 743 405 804 destinantur.
428 743 517 822 Quod
536 745 652 804 tolerare
669 747 804 827 nequiens
822 745 907 806 Cou-

227 824 386 896 stantinus,
409 831 485 920 cujus
505 830 563 905 jam
586 844 646 886 tum
666 824 683 886 ‘a
702 847 787 906 puero
807 828 908 910 ingene

226 905 381 989 potensque
401 927 511 966 animus
532 905 630 966 ardore
647 907 828 989 imperitandi
846 908 907 988 agi-

226 989 363 1060 tabatur,
384 986 457 1072 fugae
483 1007 670 1059 commento,
692 987 759 1048 crim
779 988 816 1050 ad
834 985 908 1048 frus-

200 1107 202 1112 .
227 1069 340 1130 trandos
353 1067 529 1150 insequentes
543 1069 653 1148 publica
667 1074 816 1148 jumenta,
837 1090 910 1150 qua·
955 1089 957 1091 ·

227 1149 284 1232 qui
311 1154 363 1211 iter
388 1168 505 1232 egerat,
529 1147 717 1222 interficeret,
736 1152 772 1216 ,in
792 1151 907 1210 Britan-

230 1233 308 1291 niam
319 1233 461 1312 pervenit3
476 1235 562 1302 <nam
575 1233 599 1290 is
610 1230 626 1290 *a
637 1231 753 1292 Galerio
763 1232 910 1314 religionis

227 1309 246 1372 s
261 1315 343 1382 ecie,
368 1311 404 1372 ad
424 1314 516 1372 vicem
536 1311 648 1375 obsidisv
663 1312 846 1386 tenebatur.)
871 1313 911 1374 Et

228 1334 301 1454 {dne
326 1390 427 1452 iisdem
450 1391 547 1452 diebus
574 1393 682 1453 ibidem
705 1391 910 1454 Constantium

178 1501 181 1507 ¹
227 1494 336 1555 patrem
355 1476 418 1534 vitae
437 1473 537 1534 ultima
557 1475 689 1557 agebant.
708 1475 775 1552 Quo
794 1493 909 1534 mortuo

229 1557 360 1626 tundis,
382 1555 431 1636 qui
452 1554 589 1626 aderant,
610 1556 822 1626 annitentibus,
846 1557 906 1615 irn-

227 1639 335 1718 perium
353 1637 571 1716 capiti-Interim
589 1636 689 1698 Rome
708 1637 829 1720 vulgus,
849 1656 909 1696 tur-

227 1738 336 1799 maeque
358 1718 494 1784 Praetoriae
514 1719 720 1788 Maxentium,
744 1721 910 1779 retradtante

164 1823 166 1827 ⁴
229 1798 278 1866 diu
296 1818 372 1878 parte
389 1798 548 1870 Herculio,
572 1799 773 1878 Imperatorem
798 1797 906 1858 confir÷
949 1859 951 1862 .

228 1898 318 1938 mant.
352 1879 441 1955 Quod
469 1880 520 1938 ubi
549 1881 741 1940 Aimentatius
769 1881 876 1961 accepit
896 1927 909 1954 ‚

230 1960 363 2021 Severum
384 1957 550 2030 Caesarem,
576 1963 626 2042 qui
654 1960 720 2022 casu
739 1961 776 2020 ad
796 1963 909 2024 Urbem

230 2059 309 2112 erat,
327 2061 405 2100 arma
426 2041 456 2100 in
476 2037 585 2100 hostem
604 2041 673 2103 ferre
689 2043 804 2123 propere
819 2044 907 2122 jubet

229 2121 258 2182 Is
283 2125 387 2182 circum
406 2143 501 2182 muros
523 2120 586 2182 edm
608 2142 726 2192 aeret,
750 2109 909 2184 diserrus'a

230 2201 306 2274 suis,
329 2225 401 2285 quos
420 2205 598 2284 premiorum
622 2145 758 2264 iiiecebris
780 2205 908 2265 Maxen«

230 2285 284 2344 tius
298 2285 475 2355 traduxerat,
488 2285 622 2368 fugiens,
636 2282 813 2367 obseffnsque
824 2333 836 2357 ,
850 2287 911 2346 Ra·

229 2385 328 2424 venna
341 2365 424 2424 obiit.
445 2363 513 2425 Hoc
527 2368 617 2426 aerior
631 2367 782 2438 Galerius,
803 2365 911 2428 adscito

230 2447 262 2506 in
281 2448 431 2506 consilinm
449 2447 555 2516 Jovio,
575 2448 716 2508 Licinium
731 2467 822 2512 vetere
839 2470 911 2530 cog·

230 2529 322 2588 nisum
336 2525 460 2586 amicitii
472 2525 634 2599 Caesarem,
649 2547 722 2588 creat
732 2527 910 2612 Augustum,

232 2629 323 2690 eoque
340 2607 377 2667 ad
392 2610 598 2668 munimentum
613 2610 740 2690 lllyrici,
763 2631 795 2670 ac
806 2607 908 2669 Thra·

231 2691 281 2750 ciae
302 2689 424 2757 relicto,
449 2689 574 2750 Romam
597 2690 749 2750 contendit.
775 2691 820 2750 Ibi
844 2689 911 2750 etim

232 2769 382 2831 obsidione
412 2768 612 2842 distineretur,
642 2773 779 2832 militibus
812 2770 912 2832 eidem

169 2905 174 2912 .
234 2849 290 2934 qui
303 2851 457 2935 superiores
468 2850 516 2916 vid
533 2854 701 2924 attentatis,
722 2871 800 2914 metu
817 2874 852 2914 ne
866 2852 915 2914 de-
