2110 3666
213 343 281 408 304
329 313 453 383 Aure.
485 291 760 384 Vrcaonrs

209 440 254 498 sit.
287 435 385 518 Jurgia
411 449 506 492 antem
532 430 584 492 sub
606 427 682 513 patre
706 431 893 505 venrlndataa

210 518 370 597 rapinarum
384 514 535 594 cupidum,
549 513 623 574 unde
638 515 781 574 Neronem
796 517 892 576 canui

211 601 357 678 opinantes
368 593 555 676 vocantesque
566 593 707 656 summam
718 617 809 655 rernm
821 617 893 656 nac-

210 697 272 738 tum
289 678 408 760 graviter
429 695 600 756 acceperant.
619 676 675 737 Sed
694 673 752 736 baec
772 677 802 736 in
822 696 888 734 me-

211 759 265 819 lius
289 756 422 820 conversa
450 754 522 820 adeb
547 759 573 816 ei
598 757 791 818 immortalem
811 757 888 840 glo·

211 843 284 900 riam
311 840 476 914 contulere,
505 859 535 900 ut
560 839 677 900 Deliciae
693 858 786 919 ¹atque
807 859 889 898 amor

210 917 329 982 humani
355 925 461 1004 generis
488 921 680 1002 appellaretur.
701 919 834 1000 Denique
858 938 890 979 ut

212 999 298 1062 subiit
324 1001 433 1084 pondus
460 1003 591 1085 regium,
618 1001 778 1061 Berenicem
811 1022 888 1081 nup·

193 1085 266 1144 ’tias
290 1081 351 1144 suas
374 1082 531 1164 sperantem
554 1081 663 1164 regredi
694 1081 839 1161 domurn,
861 1091 889 1142 Sc

212 1183 409 1224 enervatorum
433 1185 530 1248 greges
556 1165 633 1224 abire
677 1162 793 1242 raec'epit.
820 1163 888 1239 Quo

213 1243 316 1317 fallo,
339 1247 418 1326 quasi
440 1247 553 1326 signum
578 1185 692 1324 protulit
709 1263 822 1304 mutarae
839 1245 888 1302 in-

213 1327 411 1406 temperantiae.
431 1323 543 1384 Dehinc
564 1323 627 1384 calm
648 1324 753 1384 donata
770 1321 889 1384 conces·

213 1403 278 1466 save
300 1404 317 1466 ‘a
335 1405 474 1487 prioribus
491 1407 660 1486 principibus
681 1402 794 1464 firmare
811 1403 890 1466 inse-

205 1507 329 1568 ¹qnenres
354 1483 496 1558 solerent,
519 1487 603 1546 simul
623 1487 771 1566 imperium
796 1489 890 1566 cepit,

213 1569 282 1628 talia
309 1567 512 1650 possidentibus
546 1567 638 1628 edielo
672 1565 775 1648 sponte.
804 1569 888 1627 cavit.

214 1648 349 1726 Quidam
382 1651 468 1709 etiam
498 1647 574 1718 die,
608 1648 755 1728 recordans
784 1645 893 1730 vesperi

203 1729 286 1808 ,nihil
314 1729 341 1790 se
366 1731 498 1810 cuiquam
518 1727 703 1810 ,praestinffe,
733 1729 893 1790 venerando

204 1809 371 1892 ,caelestique
393 1812 489 1882 disto,
509 1809 625 1881 Amici,
645 1813 703 1882 ait,
721 1811 891 1886 perdidimus

213 1893 309 1963 diem,
337 1894 403 1972 quia
433 1911 491 1950 erat
521 1889 679 1974 magnifica
707 1892 891 1954 liberalitatis.

215 1971 407 2032 Clementiam
427 1969 495 2030 verb
516 1969 604 2052 usque
628 1971 663 2032 eb
688 1973 834 2054 perduxit,
861 1994 893 2032 ur

214 2055 381 2133 amplissimi
400 2052 507 2113 ordinis
525 2051 582 2112 duo
601 2051 665 2114 crim
683 2050 811 2117 adversris
827 2074 892 2112 eum

206 2132 399 2215 'conj'urillent
423 2181 435 2206 ,
463 2155 553 2217 neque
583 2136 703 2196 abnuere
735 2137 893 2218 cogitatum

163 2214 166 2219 ’
204 2213 302 2278 ¹scelus
326 2219 465 2298 quirent,'
476 2219 617 2286 monuerit
633 2213 744 2297 prirnb,
758 2214 820 2296 post
837 2216 891 2275 de·
913 2212 920 2216 ’

215 2297 314 2358 ductos
339 2299 369 2358 in
392 2296 579 2379 speciaculum
602 2295 630 2356 se
654 2299 737 2356 ntrim
760 2318 793 2356 ne
818 2299 889 2357 assi-

215 2378 279 2439 dere
296 2376 425 2460 jullerit,
448 2381 591 2460 petitoque
614 2399 647 2438 ex
670 2378 719 2438 ind
775 2377 802 2437 ii
823 2380 892 2437 mir·

215 2461 395 2531 millonnm,
426 2463 546 2540 quorum
579 2481 677 2544 pugna
708 2457 892 2530 visebantur,

197 2611 201 2620 ,
215 2541 333 2626 gladio,
348 2541 429 2620 quasi
447 2540 484 2600 ad
500 2540 700 2620 explorandam
718 2542 828 2610 aciem,
841 2543 892 2600 nni

215 2642 300 2704 atque
327 2621 406 2682 alteri
427 2619 619 2692 commiserit3
641 2621 742 2703 quibus
762 2621 892 2702 perculsis

216 2713 244 2766 δι
262 2700 448 2764 constantiam
469 2703 634 2763 mirantibus
652 2703 755 2763 diceret
775 2701 892 2765 :Viden

215 2782 287 2846 tisne
301 2779 454 2846 Potestares
477 2783 537 2844 fato
558 2783 639 2855 dari,
656 2779 807 2864 frustriqne
826 2801 892 2842 ten·

217 2884 275 2928 tare
297 2865 405 2930 facinus
432 2864 562 2950 potiundi
579 2861 654 2950 spe,
680 2865 727 2928 vel
747 2861 895 2926 amittendi
