2142 3664
284 299 717 375 oaCAEsaarnus.
771 314 836 392 atr
885 381 886 384 p
932 273 963 348 s

160 423 313 505 sepulcro,
335 429 476 506 (quem)
498 419 569 502 adad
592 424 787 504 percoluetat,
809 432 842 482 ut

75 503 77 508 ’
161 511 220 584 ejus
236 503 327 588 gratis
337 504 535 566 Commodum
547 507 619 564 inter
636 504 727 564 Divos
743 503 840 563 referri

161 583 298 656 suaserit,
318 585 435 646 fratrem
458 584 599 665 appellans
617 607 627 655 3
651 585 840 667 Bassianoque

160 669 303 728 Antonini
325 665 496 726 vocabulum
520 663 657 724 addiderit
676 687 686 736 3
707 666 784 747 quod
805 686 842 727 ex

154 748 211 808 illo
232 744 293 826 post
315 745 420 806 multos
439 743 594 826 dubiosque
615 764 747 817 eventus,
769 744 836 806 aus·

180 829 235 886 icia
267 823 409 885 honorum
442 821 552 905 cepisset
580 827 734 904 patrocinio
766 824 837 886 fisci.

158 849 283 968 l’roinde
297 906 489 966 laborantibus
503 903 686 966 secundarum
701 908 781 966 iniria
791 927 839 969 ea-

161 1008 280 1068 rumque
301 985 425 1046 austores
444 988 587 1046 memoriae
606 985 677 1046 sunt.

201 1069 241 1130 At
261 1065 383 1148 posteri,
399 1069 479 1148 quasi
497 1067 604 1126 bellum
618 1069 690 1126 inter
709 1064 737 1125 se
757 1087 840 1130 man.
897 1071 905 1080 “

157 1147 232 1208 daris
255 1144 442 1228 accepissent,
466 1145 613 1207 confestim
635 1144 771 1224 secelldrea
795 1148 839 1208 Ita

161 1229 259 1300 Get'a,
280 1231 325 1288 cui
347 1250 452 1288 nomen
472 1231 589 1308 paternd
612 1228 648 1288 ab
676 1249 730 1288 auo
753 1247 836 1299 erat,
884 1277 890 1287 .

161 1308 226 1368 crim
246 1314 303 1388 ejus
321 1307 490 1369 modestiore
512 1311 627 1391 ingenio
647 1307 731 1368 frater
750 1330 839 1392 ange·
869 1325 873 1330 ’

160 1409 254 1460 retur,
274 1385 394 1450 obsessus
414 1391 526 1449 interiit.
548 1389 619 1466 Quae
640 1391 757 1450 victoria
777 1391 837 1450 Pa-

160 1472 269 1552 piniani
282 1472 367 1530 exitio
385 1468 486 1529 soedior
500 1467 595 1540 sassa,
611 1487 642 1528 ut
658 1467 725 1530 sane
740 1491 839 1551 purant

160 1553 304 1611 memoria
333 1553 463 1618 curiosi,
494 1552 596 1629 quipe
630 1569 715 1630 quem
747 1549 839 1613 serunt

160 1632 212 1690 illo
239 1650 366 1710 tempore
396 1629 522 1688 Bassiani
550 1571 651 1688 sdrinla
678 1628 841 1703 curavisse,

136 1750 139 1756 ·
161 1713 382 1794 monitumque,
396 1709 438 1768 uri
450 1729 512 1769 mos
525 1706 565 1767 est
577 1753 587 1780 ,
600 1706 763 1770 destinando
776 1711 839 1770 Ro-

161 1811 242 1851 mam
260 1811 345 1930 quam
363 1789 505 1850 celerrime
522 1809 724 1870 componeret,
739 1790 840 1852 dolore

161 1873 242 1933 Geta

159 1971 188 2013 te
207 1953 294 2013 velati
332 1950 517 2024 articidium,
539 1949 595 2034 qud
614 1949 714 2012 fieret:
732 1953 839 2014 idcirco

281 1867 355 1930 ixilsc
374 1894 381 1928 r
402 1867 619 1952 haudquaquam
637 1875 696 1950 pari
712 1871 858 1934 facilita-=
931 1881 934 1892 '

160 2053 252 2094 morte
271 2051 287 2092 a
311 2032 486 2094 etiamsed
508 2031 566 2092 hac
579 2034 707 2112 improbd
719 2031 839 2106 absurda
933 2075 937 2083 -

160 2111 246 2185 sunt,
261 2112 325 2172 crim
338 2110 444 2173 constet
459 2111 523 2172 satis
537 2157 548 2182 ,
563 2111 757 2174 Praeseduram
770 2114 841 2174 1³1ae·-

160 2197 236 2254 torio
250 2189 359 2278 gtsqilse
374 2213 486 2274 ,neque
499 2192 641 2252 inconditi
654 2193 734 2252 illum
747 2197 839 2256 virum

161 2292 270 2334 tantam
296 2275 496 2334 contumeliam
521 2277 665 2353 imponere
691 2272 839 2354 potuisse,

160 2356 207 2414 cui
225 2356 317 2414 amori
338 2375 370 2414 ac
390 2353 550 2454 magisterio
567 2373 635 2414 crat.

200 2435 268 2496 XX
280 2434 305 2494 l.
338 2433 479 2503 Castrum
502 2435 664 2495 Antoninus
691 2435 843 2520 incogniti

161 2535 309 2577 munerum
335 2514 425 2595 specie
450 2516 547 2574 urbem
574 2514 735 2576 Romanam
760 2517 836 2598 adji‘·
896 2577 899 2584 ,

161 2599 265 2665 ciens,
291 2594 369 2676 qudd
390 2594 553 2656 indumenta
577 2597 608 2656 in
629 2596 700 2658 talos
723 2595 849 2660 demissa

162 2677 338 2759 largiretur,
365 2675 512 2737 Caracalla
536 2676 660 2747 didus,
690 2676 752 2740 crim
779 2683 837 2761 pari

164 2757 253 2817 modo
269 2753 354 2817 vestes
365 2756 540 2817 Antonianas
552 2758 669 2818 nomine
682 2756 732 2818 suo
749 2759 837 2820 darer.

163 2838 340 2900 Alamannos
359 2855 472 2921 gentem
492 2835 741 3000 populosamL,vJex
765 2861 837 2925 equo
901 2899 903 2904 .
