2142 3664
250 280 685 350 oaCAEsArruua
737 301 806 368 237

134 399 310 460 clementiam
337 400 496 470 simulans,
523 419 613 480 neque
641 397 712 459 adeo
737 400 809 460 iners

135 481 235 552 domi,
258 471 389 562 belloque
405 481 568 540 tolerantior
584 479 739 540 videbatur.
761 481 812 540 Id·

68 631 70 636 ,
137 564 263 644 circoque
274 563 362 622 Dacis
377 571 403 621 &
415 561 566 622 Cattorum
578 583 665 620 manu
679 562 794 623 deviCtis
801 608 811 634 ‚

135 643 326 723 Septembrem
347 643 559 723 Odlobtemque
580 641 710 714 menses,
734 643 812 703 Ger-

136 727 241 784 manici
267 722 434 802 superiorem
449 719 499 793 ,d
522 722 573 782 suo
599 727 715 790 nomine
739 725 813 783 alte-

136 826 197 864 rum
223 805 411 884 appellaverat
438 827 445 861 2
479 804 622 884 multaque
655 819 743 884 opera
764 807 814 865 in-

139 884 242 944 choata
259 905 306 965 per
322 904 451 964 patrem,
470 887 516 944 vel
531 884 621 945 fratris
638 883 753 956 studio,
774 883 819 946 atss

141 987 195 1048 que
210 967 240 1025 in
253 967 351 1045 primis
364 965 541 1045 Capitolium
557 965 688 1026 absolvit.
705 964 819 1026 Dehinc

140 1066 222 1107 atrox
249 1046 369 1108 caedibus
393 1047 555 1117 bonorum,
583 1045 731 1130 segnisque
751 1047 821 1108 ridi-

142 1128 227 1198 cule,
248 1129 362 1188 remotis
381 1129 479 1209 procul
490 1128 642 1199 omnibus,
663 1127 823 1190 muscarum

141 1211 259 1292 agmina
280 1207 516 1290 persequebatur,
539 1207 687 1290 postquam
706 1209 741 1271 ad
760 1212 825 1270 libi·

144 1291 240 1350 dinem
262 1291 355 1350 minus
375 1293 478 1352 virium
502 1311 584 1362 erat,
615 1297 692 1371 cujus
714 1289 823 1354 sardum
913 1359 915 1372 ,

143 1373 304 1433 exercitium
328 1371 490 1432 Gra'corum
514 1373 612 1456 lingua
635 1375 824 1449 ulrvouailuu

144 1453 287 1524 vocabat3
308 1449 429 1534 hincque
444 1459 572 1532 jocorum
586 1454 716 1534 pleraque
732 1479 739 1512 ι
756 1477 825 1516 nam

164 1536 337 1594 etcunclanti
356 1535 491 1602 cuidam,
511 1532 707 1614 Quisquamne
727 1538 756 1596 in
773 1538 827 1598 Pa-

143 1555 218 1674 latio
244 1611 329 1684 esset,
353 1612 516 1694 responsum
540 1635 546 1672 t
569 1615 616 1672 Ne
638 1613 735 1676 musca
759 1621 828 1699 qui-

149 1695 238 1765 dem,
261 1696 316 1753 nisi
338 1693 410 1753 sorte
432 1717 447 1754 a
468 1695 505 1764 ud
523 1693 685 1773 palestram.
713 1698 740 1760 Is
762 1721 831 1783 ergo

148 1778 243 1859 magis
271 1773 418 1858 magisque
448 1715 552 1836 laevitll
576 1773 709 1850 nimius,
741 1801 832 1875 eoque

150 1855 304 1938 suspedlior
318 1858 403 1918 etiam
420 1854 495 1928 suis,
514 1856 677 1920 libertorum
696 1863 832 1935 consilio,

151 1960 238 1998 uxore
255 1961 313 1998 non
332 1936 451 2022 ignaria,
467 1960 528 2020 quac
546 1960 674 2004 amorem
692 1938 834 2004 histrionis
899 1937 900 1940 ¹

151 2023 215 2080 vito
247 2020 423 2100 praetulerat,
448 2040 545 2100 poenas
573 2021 650 2096 luit,
676 2025 776 2102 quinto
807 2035 835 2085 δι

154 2101 372 2184 quadragesimo
386 2122 462 2160 anno
476 2103 555 2168 vita,
570 2100 774 2163 dominationis
787 2107 837 2164 cit-

156 2184 224 2242 citer
239 2179 463 2267 quintodecimo.
482 2185 522 2242 At
540 2181 658 2241 Senatus
674 2183 839 2265 gladiatoris

158 2283 238 2322 more
262 2261 344 2322 funus
367 2260 461 2332 ferti,
494 2260 704 2344 radendumque
733 2287 839 2326 nomen

160 2344 291 2404 decrevit.
310 2343 378 2420 Quo
397 2343 469 2408 moti
485 2342 609 2413 milites,
632 2346 732 2425 quibus
751 2351 840 2426 priua-

162 2445 196 2486 tae
215 2423 432 2486 commoditates
445 2422 592 2504 dispendio
611 2427 724 2505 publico
739 2427 844 2512 largiris

167 2505 343 2587 procedunt,
371 2507 497 2565 auctores
517 2507 592 2566 necis
616 2507 652 2566 ad
677 2506 842 2590 supplicium

168 2606 284 2670 petere,
309 2606 387 2644 more
413 2583 463 2644 suo
492 2584 670 2660 seditiosius,
694 2611 736 2648 coe
757 2611 845 2656 erunt.

169 2667 231 2744 Qui
247 2667 294 2726 vix
314 2663 441 2749 aegrdqu'e
464 2686 511 2746 per
534 2668 680 2748 prudentes
702 2611 846 2744 colibiti,

171 2747 285 2812 tandem
302 2748 332 2806 in
352 2748 471 2829 gratiam
485 2748 667 2829 Optimatum
684 2754 848 2814 convendre.

172 2830 274 2912 Neque
290 2829 383 2894 miuus
404 2849 452 2910 per
468 2826 496 2894 se
513 2832 701 2900 moliebantur
720 2833 849 2932 bellum,
