2110 3666
226 309 289 396 3²3
341 303 777 376 AunVrcronrs

220 426 310 484 vitreis
331 422 477 484 conseruit.
495 423 553 484 Hic
570 424 675 484 Sirmio
698 425 729 484 in
751 426 819 486 turri
839 423 899 484 fet·

220 503 281 564 rati
299 505 443 565 occiditur.

179 617 180 621 ,
259 585 431 646 XXXVIII.
456 585 546 646 Carus
568 585 711 646 Narbonae
732 605 812 646 natus
837 587 898 646 im-

220 668 327 746 peravit
350 687 439 726 annos
460 666 539 726 duos.
563 664 616 726 Iste
638 665 785 726 confestim
807 666 897 728 Cari-

220 767 290 806 num
309 747 563 806 &Numerianum
588 745 711 810 Caesares
738 747 813 807 fecit.
841 747 899 806 Hic

220 828 295 908 apud
324 826 511 907 Ctesiphonta
541 830 599 886 islu
630 827 757 888 fulminis
785 829 899 889 interiit.

220 907 412 968 Numerianus
427 929 541 990 quoque
560 906 633 968 silius
650 913 728 986 ejus,
750 907 814 970 crim
833 929 902 968 ocu-

219 989 313 1050 lorum
331 990 428 1050 dolore
449 1007 586 1069 correptus
610 992 640 1050 in
659 988 788 1050 leuicula
807 987 898 1050 vehe-

221 1090 321 1142 retur,
348 1069 507 1150 impulsore*
525 1073 605 1150 Apro
621 1115 630 1142 ,
648 1073 708 1151 ¹qui
737 1067 815 1130 socer
842 1075 901 1149 ejus

223 1169 302 1220 etat,
328 1172 377 1230 per
394 1152 508 1215 insidias
528 1149 636 1210 occisus
656 1149 704 1210 est.
731 1149 809 1212 Ctim
831 1151 900 1212 dolo

222 1232 405 1291 occultaretur
426 1233 511 1310 ipsius
530 1252 634 1301 mors,
660 1229 806 1314 quousque
824 1232 852 1292 A
871 1254 902 1292 er

221 1312 352 1372 invadere
373 1309 459 1391 posset
479 1312 659 1392 Imperium,
684 1311 784 1372 fictore
810 1254 870 1372 cas

222 1395 293 1452 veris
323 1391 409 1452 scelus
433 1391 471 1450 est
501 1393 651 1473 proditum.
674 1393 751 1452 Hinc
779 1393 902 1454 Sabinus

220 1475 347 1536 Iulianus
365 1473 499 1534 invadens
518 1475 689 1554 Imperium,
708 1471 725 1532 ‘a
745 1473 854 1534 Carino
870 1477 902 1534 in

224 1557 331 1636 campis
348 1556 560 1616 Veronensibus
578 1555 722 1614 occiditur.
740 1554 798 1614 Hic
816 1553 904 1616 Cari-

221 1659 274 1697 nus
291 1637 424 1697 omnibus
443 1635 471 1696 se
492 1635 638 1700 sceleribus
652 1637 819 1716 inquinavit.
834 1635 903 1696 Plu-

222 1721 311 1776 rimos
339 1719 471 1778 innoxios
497 1716 568 1776 ficiis
598 1717 759 1776 criminibus
786 1717 901 1778 occidit.

221 1797 411 1858 Matrimonia
433 1799 572 1858 nobilium
591 1802 721 1878 corrupit.
742 1795 901 1858 Condisci·

222 1880 294 1958 pulis
311 1899 445 1958 quoque,
464 1882 514 1958 qui
531 1899 595 1936 eum
615 1881 645 1938 in
662 1877 801 1942 auditorio
822 1879 902 1938 verbi

222 1958 392 2042 fatigatione
419 1977 609 2027 taxaverunt,
639 1955 809 2037 perniciosus
837 1958 900 2018 suit.

223 2039 270 2100 Ad
284 2059 438 2100 extremum
455 2039 606 2099 trucidatur
624 2043 682 2117 ejus
701 2037 836 2118 praecipue
850 2041 901 2098 tri·

221 2121 291 2182 burri
321 2119 454 2192 dexteri,
477 2125 554 2200 cujus
580 2119 722 2180 dicebatur
749 2125 902 2204 conjugem

223 2199 357 2283 polluisse.
900 2271 903 2276 .

265 2283 404 2344 XXXIX.
425 2279 619 2344 Diocletianus
638 2283 795 2352 Dalmata,
814 2283 900 2344 Anu-

224 2364 276 2423 lini
294 2364 434 2424 Senatorio
451 2364 616 2435 libertinus,
635 2383 723 2426 matre
739 2366 841 2444 pariter
857 2385 903 2424 at-

224 2465 279 2526 que
298 2446 404 2524 oppido
424 2447 540 2504 nomine
553 2446 694 2516 Diocles,
713 2442 834 2527 quorum
852 2467 904 2504 vo·

224 2526 348 2596 sabulis,
366 2525 456 2584 donec
468 2527 621 2604 imperium
632 2525 772 2596 sumeret,
785 2526 902 2586 Diocles

223 2607 398 2687 appellatus,
422 2607 471 2666 ubi
498 2607 573 2666 orbis
596 2608 721 2667 Romani
745 2607 902 2687 potentiam

224 2690 316 2768 cepit,
336 2687 457 2748 Graium
478 2708 583 2746 nomen
604 2690 634 2748 in
653 2689 816 2748 Romanum
836 2709 903 2746 mo·

224 2789 284 2828 rem
314 2771 449 2829 convertit
472 2813 481 2838 ,
511 2771 660 2848 imperavit
687 2771 767 2828 annis
799 2769 901 2849 viginti

223 2853 361 2933 quinquo·
384 2850 411 2914 Is
434 2850 645 2918 Maximianum
671 2847 829 2932 Augustum
853 2846 900 2908 es·

883 1347 900 1360 C
