2110 3666
262 309 654 403 Bharranrusr.
733 353 801 424 357

118 445 192 504 ultra
211 443 344 510 Rhenum
363 451 462 531 positis
480 452 606 511 conflixit
621 475 627 508 ε
642 453 672 512 in
695 450 805 513 Britan·

120 529 199 586 niam
227 533 353 590 transivit
378 530 518 593 :decimo
545 555 621 592 anno
641 532 750 594 Gallias
776 541 804 593 dc

121 606 281 670 Britannias
305 603 465 672 tributarias
487 612 563 673 fecit.
584 614 655 674 Sunt
679 616 709 673 in
730 613 805 674 Gal·
868 613 871 621 ’

122 687 183 760 lia,
205 691 380 772 Aquitannii
400 703 428 754 δε
452 694 630 764 Britanniis,
657 694 754 754 decem
776 704 805 756 &

124 772 358 912 odolptovintiae
373 775 480 854 :Alpes
495 777 667 844 maritimae,
689 779 806 855 provin-

124 854 168 910 cia
220 855 407 925 arbonensis,
427 857 621 926 Viennensis,
639 855 807 938 Novempo-

124 932 259 1012 pulana,
292 939 452 1017 Aquitania
479 936 572 1008 duae,
606 937 649 997 Lu
671 935 807 999 dunenses

126 1013 210 1086 duae,
235 1016 321 1096 Alpes
349 1017 472 1088 Gta'r'ae,
497 1017 628 1078 Maxima
651 957 805 1098 {equano-

127 1117 213 1167 rum,
237 1096 399 1158 Germania
421 1099 481 1160 duae
495 1145 507 1169 ,
531 1098 651 1193 Belgica
671 1098 730 1158 duae
752 1101 808 1160 :in

126 1175 272 1238 Britannici
296 1180 428 1240 Maxima
453 1177 660 1251 Caesariensrs,
685 1179 808 1254 Flavia,

126 1257 271 1318 Britannia
289 1264 403 1340 prima,
424 1261 571 1322 Britannia
591 1259 721 1320 secunda.

169 1339 238 1414 VII.
259 1341 402 1423 Illyricum
419 1343 455 1402 ab
480 1341 529 1402 oti
551 1341 695 1402 maritimi
713 1342 809 1422 paula·

128 1423 182 1481 tim
202 1421 325 1506 adgressi
345 1421 448 1484 sumus.
472 1423 601 1484 Laevinus
626 1421 724 1484 consul
741 1424 808 1484 Ha·

131 1501 279 1563 driaticum
297 1523 381 1586 atque
402 1504 516 1576 Ionium
540 1524 618 1564 mare
641 1507 748 1584 primus
765 1509 811 1567 in-

130 1579 254 1668 gressus,
268 1587 422 1644 maritimas
441 1585 565 1644 obtinuit
579 1587 713 1644 civitates.
733 1589 811 1646 Creta

129 1685 179 1746 per
196 1667 347 1726 Metellum
368 1663 591 1748 proconsulem,
613 1669 662 1746 qui
680 1665 811 1732 Creticus

133 1743 221 1806 didius
243 1747 303 1819 est,
326 1751 471 1830 provincia
492 1745 567 1807 sacia
585 1745 632 1806 est.
658 1747 813 1808 Graetisin
898 1799 901 1808 ,

133 1825 219 1888 fidem
230 1827 353 1888 nostram
364 1827 608 1912 confugientibus,
624 1828 660 1888 ad
670 1826 814 1892 Achaiam

132 1911 308 1970 accessimus,
326 1907 534 1981 Athenienses,
560 1908 690 1970 adverstis
707 1908 815 1992 Philip-

133 2011 224 2072 pum,
246 1991 440 2062 Macedonum
462 2013 584 2074 regem,
604 1993 741 2052 auxilium
761 2015 816 2051 no-

133 2070 222 2132 strum
242 2075 389 2153 petierunt.
412 2073 514 2132 Libera
536 2071 586 2130 diu
609 2069 659 2130 sub
684 2075 816 2134 amicitiis

134 2152 237 2214 nostris
250 2151 363 2214 Achaia
380 2151 434 2214 fuit
452 2175 458 2209 :
477 2151 514 2212 ad
538 2171 692 2210 extremum
716 2153 816 2236 legatis

134 2233 335 2297 Romanorum
365 2233 438 2315 apud
464 2229 639 2294 Corinthum
665 2233 779 2294 violatis
803 2279 816 2304 ,

136 2337 186 2398 pet
200 2317 234 2376 L.
250 2317 427 2376 Mummium
446 2311 642 2395 proconsulem
664 2313 746 2394 capti
759 2311 818 2374 Co·
859 2375 862 2382 ,

137 2396 255 2468 nimbo,
276 2397 387 2458 Achaia
405 2399 498 2459 omnis
516 2397 633 2455 obtenta
650 2392 696 2453 est.
719 2395 819 2470 Epiro-

138 2497 200 2552 ta,
234 2481 283 2560 qui
313 2475 465 2559 aliquandi)
493 2499 558 2536 curn
586 2497 614 2535 re
637 2496 651 2533 e
676 2473 817 2558 Pyrrho,
880 2506 883 2511 f

139 2563 226 2620 etiarn
245 2559 280 2620 ad
296 2560 410 2620 Italiam
430 2561 545 2620 transire
565 2497 820 2638 praesumpserant,

50 2689 53 2695 ·
139 2645 208 2704 vitri
226 2665 233 2699 ε
254 2661 337 2723 atque
353 2635 524 2711 Thessaliae,
541 2639 625 2698 simul
642 2659 706 2699 cum
725 2636 819 2698 Achi-

140 2745 241 2783 vorum
264 2732 291 2784 &
310 2721 504 2782 Macedonum
525 2720 712 2802 regionibus,
738 2719 821 2778 nobis

143 2800 318 2864 accesserunt.
337 2804 501 2862 Macedonia
515 2807 559 2860 'tet
578 2801 746 2870 rebellavit3
770 2797 822 2858 sub

142 2883 298 2968 Philippo,
317 2881 369 2948 sub
382 2881 486 2954 Perse,
510 2879 561 2944 sub
574 2878 822 2962 Pseudophilippo,
