2142 3664
236 295 308 360 206
378 279 749 350 Authcron

217 447 219 454 ·
233 403 376 488 ergastulis
388 402 538 460 exercitum
550 398 618 458 fecit
625 443 635 471 ,
650 397 778 479 caesisque
790 402 912 462 inimicis

234 489 366 565 injuriam
396 483 490 551 ultus,
517 477 636 559 septimo
662 479 851 550 Consulatu,
880 501 911 542 ut

234 567 351 650 quidam
371 561 480 630 serunt,
498 557 656 620 voluntatis
674 579 765 620 morte
785 561 910 622 decessit.
931 592 934 598 ·

275 643 437 706 LXVIII.
465 640 554 702 Caius
575 641 683 702 Marius
707 639 783 710 ,filius
807 643 911 724 viginti

235 723 342 806 septem
378 744 515 784 annorum
548 719 738 783 Consulatum
773 725 875 784 invasit
900 745 911 793 3

235 827 319 888 quem
338 803 474 864 honorem
488 823 547 862 tam
561 804 742 862 immaturum
756 823 844 862 mater
861 805 912 862 fle-

235 889 286 948 vit.
307 887 365 948 Hic
382 887 451 965 patri
469 881 574 943 saevitia
593 884 692 944 slmilis
705 929 717 952 ,
740 885 845 944 curiam
867 905 912 944 ar-

237 987 330 1028 matus
348 963 481 1036 obsedit,
503 965 634 1023 inimicos
651 963 822 1036 trucidavit,
839 986 913 1048 quo-

236 1068 299 1108 rum
323 1069 438 1127 corpora
461 1047 492 1104 in
514 1045 644 1104 Tiberim
666 1047 855 1126 ptaecipitavit.
878 1045 913 1108 Iu

237 1149 372 1209 appatatu
389 1128 478 1196 belli,
497 1125 575 1206 quod
594 1145 691 1186 contra
709 1127 817 1186 Sullam
836 1147 914 1206 pata·

238 1209 320 1269 batur
333 1255 342 1281 ‚
360 1208 433 1289 apud
448 1205 636 1287 Sacriportum
653 1207 758 1290 vigiliis
773 1217 800 1268 &
815 1207 913 1266 labore

239 1287 378 1360 defessus,
400 1287 451 1348 sub
468 1285 517 1346 dio
531 1289 691 1369 requievit3
711 1297 739 1348 &
756 1285 855 1348 absens
872 1289 913 1347 vi·

238 1371 317 1441 slus,
338 1370 430 1452 sugat,
449 1389 507 1432 non
519 1389 619 1451 pugnae
632 1367 764 1428 interfuit.
780 1366 914 1428 Praeneste
976 1395 979 1398 ·

236 1449 390 1534 confugit,
404 1450 453 1508 ubi
472 1469 519 1528 pet
536 1450 696 1508 Lucretium
713 1447 840 1508 Ofellam
860 1449 915 1508 ob-

238 1527 342 1602 sessus,
364 1527 471 1590 tentat&
493 1550 540 1609 per
559 1530 719 1590 cuniculum
739 1528 830 1612 fugel,
851 1529 916 1590 crim

238 1614 337 1671 omnia
363 1608 439 1691 septa
465 1611 655 1749 intellippret,
676 1609 863 1693 jugulandum
885 1609 915 1670 se

237 1692 343 1753 Pontio
358 1691 492 1752 Telesino
510 1712 563 1772 prae
585 1694 634 1751 uit.

278 1771 400 1833 LXIX.
422 1773 524 1832 Lucius
540 1771 691 1834 Cornelius
709 1768 807 1832 Cinna
826 1773 913 1855 flagi-

238 1856 401 1914 tiosissImus
424 1898 433 1923 ,
457 1851 530 1910 Rem
550 1853 674 1912 ublicam
706 1849 817 1912 summa
848 1875 914 1912 cru-

238 1933 351 1995 delitate
375 1931 502 1992 vastavit.
531 1873 628 1992 lrimo
654 1930 800 1992 consulatu
821 1934 916 2016 legem

240 2013 275 2074 de
292 2011 431 2074 exsulibus
449 2013 612 2074 revocandis
630 2011 743 2085 serens,
765 2014 802 2072 ab
819 2015 915 2076 Ossa·

238 2097 287 2156 vio
311 2093 421 2177 collegtl
444 2090 622 2174 prohibitus,
644 2103 671 2154 &
689 2090 796 2154 honore
817 2096 915 2174 priva-

240 2195 306 2248 tus,
319 2175 400 2238 Urbe
415 2173 561 2258 profugit,
581 2173 744 2257 vocatisque
759 2174 796 2234 ad
812 2176 916 2256 pileum

239 2255 346 2328 servis,
366 2253 535 2318 adversarios
553 2257 644 2328 vicit3
664 2255 818 2318 Ostaviurn
833 2257 917 2316 intet-

240 2337 330 2408 fecit3
347 2337 507 2398 Ianiculum
522 2359 593 2396 occu
613 2338 680 2396 avit.
698 2334 802 2398 Itertirn
817 2345 844 2396 &
860 2356 916 2395 ter-

242 2417 313 2478 titlm
327 2415 485 2480 Consulem
505 2413 533 2476 se
552 2419 610 2496 ipe
626 2415 701 2476 fecit.
720 2415 831 2490 Quarto
847 2438 920 2478 con-

240 2497 332 2559 sulatu
350 2497 413 2562 crim
430 2497 535 2558 bellum
554 2499 651 2556 contra
664 2494 771 2558 Sullam
788 2517 919 2576 pararet,

241 2581 368 2641 Ancon'ae
382 2578 421 2638 ob
440 2579 559 2640 nimiam
579 2576 769 2638 ctudelitatem
786 2577 822 2638 ab
841 2600 920 2638 excr-

244 2663 300 2720 citu
316 2660 344 2719 la
365 2659 456 2722 idibus
474 2655 581 2718 occisus
598 2655 644 2721 est,

282 2681 384 2802 LXX.
406 2739 494 2801 Caius
508 2739 620 2800 Flavius
634 2739 760 2803 Fimbria
777 2737 918 2812 (saevissi-

244 2843 305 2883 mus
321 2823 423 2904 quippe
434 2820 534 2884 Cinna:
548 2819 676 2898 satelles)
689 2821 806 2882 Valerio
816 2821 918 2882 Flacco
