2110 3666
254 355 654 416 'EPITOME
748 366 809 432 tn

134 461 187 524 suo
210 485 220 536 3
249 462 421 546 abscisisque
452 466 649 548 genitalibus,
673 467 755 527 matti
785 464 813 526 se

135 546 251 628 Magnae
265 543 391 606 sacravit.
413 545 470 605 Hic
485 548 672 618 Marcellum,
691 549 740 629 qui
752 545 813 626 post

134 625 293 686 Alexander
307 625 346 685 est
362 626 474 698 dietus,
494 627 694 688 consobrinum
714 626 811 699 suum,

134 706 275 767 Casarem
294 706 369 766 fecit.
386 705 448 787 Ipse
465 710 586 767 tumultu
602 710 718 768 militari
731 709 814 768 inter-

57 793 61 804 '
134 785 225 848 fedius
247 785 294 846 est.
316 785 408 865 Hujus
431 807 529 867 corpus
549 809 596 868 pet
616 790 703 850 Urbis
723 791 812 860 vias,

135 888 215 926 more
237 869 332 928 canini
344 867 515 939 cadaveris,
540 865 557 927 i
578 869 714 928 militibus
733 887 812 929 trac-

135 967 197 1006 tum
215 945 273 1019 est,
294 949 406 1007 militari
421 949 523 1007 cavillo
536 949 757 1028 appellantium,
774 952 815 1010 in·

136 1028 252 1088 domitae
270 1028 429 1110 tabidaque
447 1029 572 1088 libidinis
590 1030 721 1090 catulam.
744 1030 813 1090 No-

135 1109 251 1169 vissime
293 1107 357 1167 etim
392 1107 511 1192 angusto
542 1109 683 1169 foramine
718 1109 816 1172 cloaca

134 1201 238 1270 cotp'us
256 1189 375 1248 minimi
392 1193 548 1271 reciperet,
571 1188 658 1271 usque
676 1189 711 1250 ad
724 1190 817 1251 Tibe-

136 1272 192 1332 rim
210 1269 383 1342 deductum,
406 1271 515 1349 adjecto
534 1270 680 1351 pondere,
702 1293 737 1331 ne
751 1293 816 1332 um-

134 1372 223 1432 quam
249 1370 401 1434 emergeret
422 1397 431 1422 ,
456 1354 486 1411 in
513 1355 629 1412 fluvium
658 1355 815 1434 projectum

136 1430 184 1492 est.
209 1432 292 1490 Vixit
315 1453 404 1492 annos
429 1431 574 1503 sedecim3
598 1452 682 1513 atque
708 1454 741 1493 ex
761 1455 815 1506 re,

136 1534 199 1594 quae
229 1511 400 1582 acciderat,
429 1512 580 1572 Tiberinus
608 1513 819 1596 Traciitiusque

136 1591 351 1674 ψὼωώ
668 1610 671 1616 ·

174 1615 310 1733 &XIV
339 1673 455 1732 Severus
481 1673 639 1732 Alexander
667 1675 817 1753 imperavit

140 1773 230 1813 annos
258 1753 399 1812 tredecim.
426 1753 484 1812 Hic
503 1755 593 1813 bonus
620 1753 815 1834 Reipublicae,

141 1833 194 1894 fuit
222 1832 400 1899 aerumnosus.
430 1833 497 1894 Hoc
529 1836 683 1915 imperante
709 1834 813 1897 Tauri·

139 1937 190 1976 nus
210 1913 351 2054 Augustus
373 1911 513 1986 effecius,
538 1915 577 1974 ob
601 1917 732 1976 timorem
756 1915 816 1998 ipse

140 1993 168 2056 se
195 1996 257 2077 Eup
279 2016 336 2056 rate
360 1998 448 2056 fluvio
473 1997 583 2075 abjecit.
617 1997 700 2057 Tunc
723 2000 815 2058 'etiam

139 2077 315 2137 Maximinus
334 2097 452 2158 regnum
475 2079 614 2157 arripuit,
638 2078 759 2156 pluribus
781 2077 816 2138 de

140 2158 261 2216 exercitu
276 2157 418 2236 corruptis.
437 2155 595 2216 Alexander
609 2154 676 2215 veri)
690 2155 754 2216 crim
770 2157 818 2218 de-

141 2233 818 2314 stnstistspmmffimvmfflm,mmmmuffi

141 2315 254 2377 causam
281 2313 360 2376 fuille
381 2317 479 2376 mortis
506 2317 687 2388 exclamans,
715 2339 816 2378 accur-

142 2399 222 2458 renti.
234 2393 405 2477 percussori,
424 2397 566 2457 ¹obvoluto
584 2400 674 2478 capite
688 2443 699 2467 ‚
721 2401 815 2460 cervi-

142 2499 186 2540 ces
203 2477 295 2538 valide
313 2475 478 2559 compressas
497 2479 635 2558 praebuit,
658 2501 734 2539 anno
753 2482 818 2541 vitae

142 2561 277 2620 vicesimo
296 2557 383 2620 sexto.
400 2559 492 2638 Hujus
506 2579 595 2620 mater
607 2559 762 2622 Mammaea
781 2560 817 2622 ed

143 2637 234 2699 filium
255 2648 409 2722 co'e'getat,
433 2659 464 2698 ut
480 2639 530 2700 illa
550 2639 609 2720 ipsa
628 2641 817 2720 permodica,

144 2723 168 2780 si
188 2717 288 2779 mensae
307 2720 478 2801 prandioque
498 2718 688 2800 supereffent,
711 2743 818 2803 quam-

145 2802 187 2862 vis
206 2801 361 2871 convivio,
379 2821 582 2881 reponerentur.

122 2925 139 2958 ,¹
185 2879 295 2946 XXV.
318 2883 408 2946 Julius
435 2880 759 3022 Maximinus-g'htex,
786 2903 820 2945 ex

178 2991 182 3000 ¹
685 2985 704 3027 v
